<?xml version="1.0" encoding="UTF-8" ?><collection xmlns="http://www.loc.gov/MARC21/slim">
<record>
<leader>00000nam-a22     3a-4500</leader>
<controlfield tag="001">m0000002</controlfield>
<controlfield tag="003">CZ-CbJVK</controlfield>
<controlfield tag="005">20210208162238.8</controlfield>
<controlfield tag="007">ta</controlfield>
<controlfield tag="008">960913s1996----xr-                 cze-|</controlfield>
<datafield tag="015" ind1=" " ind2=" ">
  <subfield code="a">cnb000150424</subfield>
</datafield>
<datafield tag="020" ind1=" " ind2=" ">
  <subfield code="a">80-86013-07-3</subfield>
</datafield>
<datafield tag="035" ind1=" " ind2=" ">
  <subfield code="a">(OCoLC)37252687</subfield>
</datafield>
<datafield tag="040" ind1=" " ind2=" ">
  <subfield code="a">CBA001</subfield>
  <subfield code="b">cze</subfield>
</datafield>
<datafield tag="080" ind1=" " ind2=" ">
  <subfield code="a">821.162.3-31</subfield>
  <subfield code="2">MRF</subfield>
</datafield>
<datafield tag="100" ind1="1" ind2=" ">
  <subfield code="a">Pelc, Jan,</subfield>
  <subfield code="d">1957-</subfield>
  <subfield code="4">aut</subfield>
  <subfield code="7">cbvk_us_auth*m0124261</subfield>
</datafield>
<datafield tag="245" ind1="1" ind2="0">
  <subfield code="a">--a bude hůř :</subfield>
  <subfield code="b">román o třech dílech /</subfield>
  <subfield code="c">Jan Pelc</subfield>
</datafield>
<datafield tag="260" ind1=" " ind2=" ">
  <subfield code="a">Praha :</subfield>
  <subfield code="b">Maťa,</subfield>
  <subfield code="c">1996</subfield>
</datafield>
<datafield tag="300" ind1=" " ind2=" ">
  <subfield code="a">395 s.</subfield>
</datafield>
<datafield tag="490" ind1="1" ind2=" ">
  <subfield code="a">Česká radost ;</subfield>
  <subfield code="v">sv. 0</subfield>
</datafield>
<datafield tag="505" ind1="0" ind2="0">
  <subfield code="t">Děti rodičů --</subfield>
  <subfield code="t">Děti ráje --</subfield>
  <subfield code="t">Děti cest</subfield>
</datafield>
<datafield tag="520" ind1="3" ind2=" ">
  <subfield code="a">Třídílný román představuje svět viděný očima mladíka, který se pohybuje v prostředí opilců, zlodějů a narkomanů a marně hledá smysl své existence</subfield>
  <subfield code="c">okcz</subfield>
  <subfield code="u">https://www.obalkyknih.cz/view?isbn=9788086013077</subfield>
  <subfield code="2">Web obalkyknih.cz</subfield>
</datafield>
<datafield tag="650" ind1=" " ind2="7">
  <subfield code="7">cbvk_us_auth*v0002973</subfield>
  <subfield code="a">česká literatura</subfield>
  <subfield code="2">czenas</subfield>
</datafield>
<datafield tag="655" ind1=" " ind2="7">
  <subfield code="7">cbvk_us_auth*f0001043</subfield>
  <subfield code="a">romány</subfield>
  <subfield code="2">czenas</subfield>
</datafield>
<datafield tag="830" ind1=" " ind2="0">
  <subfield code="a">Česká radost ;</subfield>
  <subfield code="v">sv. 0</subfield>
  <subfield code="7">cbvk_us_auth*0066480</subfield>
</datafield>
<datafield tag="852" ind1=" " ind2=" ">
  <subfield code="b">B</subfield>
</datafield>
<datafield tag="856" ind1="4" ind2="1">
  <subfield code="u">https://ndk.cz/uuid/uuid:3df31a90-7f6a-11e3-a6e0-005056827e52</subfield>
  <subfield code="y">Digitalizovaný dokument</subfield>
  <subfield code="3">DNNT</subfield>
</datafield>
<datafield tag="887" ind1=" " ind2=" ">
  <subfield code="a">98/003</subfield>
</datafield>
<datafield tag="910" ind1=" " ind2=" ">
  <subfield code="a">CBA001</subfield>
</datafield>
<datafield tag="969" ind1=" " ind2=" ">
  <subfield code="f">N</subfield>
  <subfield code="g">20180417</subfield>
</datafield>
<datafield tag="970" ind1=" " ind2=" ">
  <subfield code="b">AMG</subfield>
</datafield>
<datafield tag="981" ind1=" " ind2=" ">
  <subfield code="b">225.00</subfield>
</datafield>
<datafield tag="999" ind1=" " ind2=" ">
  <subfield code="a">64</subfield>
  <subfield code="b">CBVK</subfield>
  <subfield code="c">CBVK</subfield>
  <subfield code="d">CBA 001/Jin-19960913#..#i2.okx.sync-20180413-82972796#i2.okx.sync-20180414-83015477#i2.okx.sync-20180415-83024791#i2.okx.sync-20180417-83073460#i2.okx.sync-20200312-106315089#i2.okx.sync-20200318-106530512#sys-20210208-115633484</subfield>
</datafield>
<datafield tag="C72" ind1=" " ind2=" ">
  <subfield code="a">821.162.3-3</subfield>
  <subfield code="9">25</subfield>
  <subfield code="x">Česká próza</subfield>
</datafield>
<datafield tag="C99" ind1=" " ind2=" ">
  <subfield code="d">DFLT_US_CAT_BK_A</subfield>
  <subfield code="a">cpk19960150424</subfield>
</datafield>
</record>