
<record>
<leader>00000nam-a22     3a-4500</leader>
<controlfield tag="001">m0000003</controlfield>
<controlfield tag="003">CZ-CbJVK</controlfield>
<controlfield tag="005">20210208171526.6</controlfield>
<controlfield tag="007">ta</controlfield>
<controlfield tag="008">021101s2002----xr-                 cze-|</controlfield>
<datafield tag="015" ind1=" " ind2=" ">
  <subfield code="a">cnb001188518</subfield>
</datafield>
<datafield tag="020" ind1=" " ind2=" ">
  <subfield code="a">80-7329-013-8</subfield>
</datafield>
<datafield tag="035" ind1=" " ind2=" ">
  <subfield code="a">(OCoLC)53269308</subfield>
</datafield>
<datafield tag="040" ind1=" " ind2=" ">
  <subfield code="a">OSA001</subfield>
  <subfield code="b">cze</subfield>
</datafield>
<datafield tag="080" ind1=" " ind2=" ">
  <subfield code="a">316.482</subfield>
  <subfield code="2">MRF</subfield>
</datafield>
<datafield tag="080" ind1=" " ind2=" ">
  <subfield code="a">323.1</subfield>
  <subfield code="2">MRF</subfield>
</datafield>
<datafield tag="080" ind1=" " ind2=" ">
  <subfield code="a">323.2</subfield>
  <subfield code="2">MRF</subfield>
</datafield>
<datafield tag="080" ind1=" " ind2=" ">
  <subfield code="a">94(53)</subfield>
  <subfield code="2">MRF</subfield>
</datafield>
<datafield tag="080" ind1=" " ind2=" ">
  <subfield code="a">94(569.4)</subfield>
  <subfield code="2">MRF</subfield>
</datafield>
<datafield tag="100" ind1="1" ind2=" ">
  <subfield code="a">Olšer, Břetislav,</subfield>
  <subfield code="d">1947-</subfield>
  <subfield code="4">aut</subfield>
  <subfield code="7">cbvk_us_auth*m0119172</subfield>
</datafield>
<datafield tag="245" ind1="1" ind2="0">
  <subfield code="a">--a Bůh osiřel /</subfield>
  <subfield code="c">Břetislav Olšer</subfield>
</datafield>
<datafield tag="250" ind1=" " ind2=" ">
  <subfield code="a">Vyd. 1.</subfield>
</datafield>
<datafield tag="260" ind1=" " ind2=" ">
  <subfield code="a">Ostrava :</subfield>
  <subfield code="b">REPRONIS,</subfield>
  <subfield code="c">2002</subfield>
</datafield>
<datafield tag="300" ind1=" " ind2=" ">
  <subfield code="a">383 s.</subfield>
</datafield>
<datafield tag="504" ind1=" " ind2=" ">
  <subfield code="a">Obsahuje bibliografii</subfield>
</datafield>
<datafield tag="520" ind1="3" ind2=" ">
  <subfield code="a">Hrdina pochází z bohaté pražské židovské rodiny a jako dospívající chlapec zažil Osvětim. Po válce se dostává do Izraele, stává se členem Mosadu a spolu s ním, jeho rodinou a přáteli zažíváme všechny klíčové události blízkovýchodní krize až po žhavou současnost. Jeho protihráčem je potomek německého esesáka, který stále cítí vinu a odpovědnost za své předky. Je vynikající žurnalista a jeho reportáže a rozhovory s představiteli obou stran vnášejí zasvěcený pohled na události. Toho využívá arabská organizace Hamas k jeho únosu a nátlaku na světové mínění. Hranice mezi realitou a fikcí jsou v románě velice křehké.        </subfield>
  <subfield code="c">okcz</subfield>
  <subfield code="u">https://www.obalkyknih.cz/view?isbn=9788073290139</subfield>
  <subfield code="2">Web obalkyknih.cz</subfield>
</datafield>
<datafield tag="650" ind1=" " ind2="7">
  <subfield code="7">cbvk_us_auth*v0000877</subfield>
  <subfield code="a">Arabové</subfield>
  <subfield code="2">czenas</subfield>
</datafield>
<datafield tag="650" ind1=" " ind2="7">
  <subfield code="7">cbvk_us_auth*v0005091</subfield>
  <subfield code="a">etnické vztahy</subfield>
  <subfield code="2">czenas</subfield>
</datafield>
<datafield tag="650" ind1=" " ind2="7">
  <subfield code="7">cbvk_us_auth*v0005088</subfield>
  <subfield code="a">etnické konflikty</subfield>
  <subfield code="2">czenas</subfield>
</datafield>
<datafield tag="650" ind1=" " ind2="7">
  <subfield code="7">cbvk_us_auth*v0026273</subfield>
  <subfield code="a">Židé</subfield>
  <subfield code="2">czenas</subfield>
</datafield>
<datafield tag="651" ind1=" " ind2="7">
  <subfield code="7">cbvk_us_auth*g0001326</subfield>
  <subfield code="a">Izrael</subfield>
</datafield>
<datafield tag="651" ind1=" " ind2="7">
  <subfield code="7">cbvk_us_auth*g0002520</subfield>
  <subfield code="a">Palestina</subfield>
</datafield>
<datafield tag="655" ind1=" " ind2="7">
  <subfield code="7">cbvk_us_auth*f0000679</subfield>
  <subfield code="a">literatura faktu</subfield>
  <subfield code="2">czenas</subfield>
</datafield>
<datafield tag="655" ind1=" " ind2="7">
  <subfield code="a">monografie</subfield>
  <subfield code="2">czenas</subfield>
  <subfield code="7">cbvk_us_auth*f0000762</subfield>
</datafield>
<datafield tag="852" ind1=" " ind2=" ">
  <subfield code="c">323.2</subfield>
  <subfield code="b">N</subfield>
</datafield>
<datafield tag="856" ind1="4" ind2="1">
  <subfield code="u">https://ndk.cz/uuid/uuid:9e2eca40-9c66-11e2-9a9f-005056827e51</subfield>
  <subfield code="y">Digitalizovaný dokument</subfield>
  <subfield code="3">DNNT</subfield>
</datafield>
<datafield tag="887" ind1=" " ind2=" ">
  <subfield code="a">03/002</subfield>
</datafield>
<datafield tag="910" ind1=" " ind2=" ">
  <subfield code="a">CBA001</subfield>
</datafield>
<datafield tag="964" ind1=" " ind2=" ">
  <subfield code="a">Palestinci - Židé - vztahy - vyprávění</subfield>
</datafield>
<datafield tag="964" ind1=" " ind2=" ">
  <subfield code="a">Židé - Palestinci - vztahy - vyprávění</subfield>
</datafield>
<datafield tag="969" ind1=" " ind2=" ">
  <subfield code="f">N</subfield>
  <subfield code="g">20190926</subfield>
</datafield>
<datafield tag="970" ind1=" " ind2=" ">
  <subfield code="b">AMG</subfield>
</datafield>
<datafield tag="981" ind1=" " ind2=" ">
  <subfield code="b">187.00</subfield>
</datafield>
<datafield tag="999" ind1=" " ind2=" ">
  <subfield code="a">829</subfield>
  <subfield code="b">CBVK</subfield>
  <subfield code="c">CBVK</subfield>
  <subfield code="d">OSA001-20021101#..#i2.okx.sync-20201102-113737490#i2.okx.sync-20201104-113767160#i2.okx.sync-20201106-113802683#i2.okx.sync-20201107-113824752#i2.okx.sync-20201108-113839986#i2.okx.sync-20201109-113858457#sys-20210208-115663737</subfield>
</datafield>
<datafield tag="C72" ind1=" " ind2=" ">
  <subfield code="a">323</subfield>
  <subfield code="9">15</subfield>
  <subfield code="x">Vnitropolitický vývoj</subfield>
</datafield>
<datafield tag="C72" ind1=" " ind2=" ">
  <subfield code="a">311</subfield>
  <subfield code="9">4</subfield>
  <subfield code="x">Statistika</subfield>
</datafield>
<datafield tag="C99" ind1=" " ind2=" ">
  <subfield code="d">DFLT_US_CAT_BK_A</subfield>
  <subfield code="a">cpk20021188518</subfield>
</datafield>
</record>