
<record>
<leader>03442cam-a2200805-a-4500</leader>
<controlfield tag="001">m0000012</controlfield>
<controlfield tag="003">CZ-CbJVK</controlfield>
<controlfield tag="005">20200404002420.1</controlfield>
<controlfield tag="007">ta</controlfield>
<controlfield tag="008">050531s2005----xr-----g------000-f-cze--</controlfield>
<datafield tag="015" ind1=" " ind2=" ">
  <subfield code="a">cnb001569597</subfield>
</datafield>
<datafield tag="020" ind1=" " ind2=" ">
  <subfield code="a">80-242-1462-8</subfield>
  <subfield code="q">(váz.)</subfield>
</datafield>
<datafield tag="035" ind1=" " ind2=" ">
  <subfield code="a">(OCoLC)85154733</subfield>
</datafield>
<datafield tag="040" ind1=" " ind2=" ">
  <subfield code="a">BOA001</subfield>
  <subfield code="b">cze</subfield>
  <subfield code="d">ABA001</subfield>
</datafield>
<datafield tag="041" ind1="1" ind2=" ">
  <subfield code="a">cze</subfield>
  <subfield code="h">eng</subfield>
</datafield>
<datafield tag="072" ind1=" " ind2="7">
  <subfield code="a">821.111(73)-3</subfield>
  <subfield code="x">Americká próza</subfield>
  <subfield code="2">Konspekt</subfield>
  <subfield code="9">25</subfield>
</datafield>
<datafield tag="080" ind1=" " ind2=" ">
  <subfield code="a">821.111(73)-31</subfield>
  <subfield code="2">MRF</subfield>
</datafield>
<datafield tag="080" ind1=" " ind2=" ">
  <subfield code="a">(0:82-31)</subfield>
  <subfield code="2">MRF</subfield>
</datafield>
<datafield tag="100" ind1="1" ind2=" ">
  <subfield code="7">cbvk_us_auth*m0050709</subfield>
  <subfield code="a">Grisham, John,</subfield>
  <subfield code="d">1955-</subfield>
  <subfield code="4">aut</subfield>
</datafield>
<datafield tag="245" ind1="1" ind2="0">
  <subfield code="a">--a je čas zabíjet /</subfield>
  <subfield code="c">John Grisham ; [přeložil Ivan Ryčovský]</subfield>
</datafield>
<datafield tag="250" ind1=" " ind2=" ">
  <subfield code="a">Vyd. 2.</subfield>
</datafield>
<datafield tag="260" ind1=" " ind2=" ">
  <subfield code="a">V Praze :</subfield>
  <subfield code="b">Knižní klub,</subfield>
  <subfield code="c">2005</subfield>
</datafield>
<datafield tag="300" ind1=" " ind2=" ">
  <subfield code="a">618 s. ;</subfield>
  <subfield code="c">21 cm</subfield>
</datafield>
<datafield tag="500" ind1=" " ind2=" ">
  <subfield code="a">Přeloženo z angličtiny</subfield>
</datafield>
<datafield tag="520" ind1="3" ind2=" ">
  <subfield code="a">Román je prvotinou Johna Grishama, která se dočkala úspěchu teprve po fenomenálním vstupu jeho superbestselleru Firma do povědomí čtenářů, ačkoliv mnozí tvrdí, že jde o jeho nejlepší román. Zavádí nás do malého městečka na americkém jihu, kde dojde k znásilnění desetileté holčičky. Její otec bere spravedlnost do svých rukou a pachatelům se pomstí. Soudní proces, který následuje, rozvíří klidnou hladinu života v městečku, probudí staré zášti a rozdělí obyvatele na dva protichůdné tábory.</subfield>
  <subfield code="c">okcz</subfield>
  <subfield code="u">https://www.obalkyknih.cz/view?isbn=9788024214627</subfield>
  <subfield code="2">Web obalkyknih.cz</subfield>
</datafield>
<datafield tag="655" ind1=" " ind2="7">
  <subfield code="7">cbvk_us_auth*f0000035</subfield>
  <subfield code="a">americké romány</subfield>
  <subfield code="2">czenas</subfield>
</datafield>
<datafield tag="700" ind1="1" ind2=" ">
  <subfield code="7">cbvk_us_auth*m0140370</subfield>
  <subfield code="a">Ryčovský, Ivan</subfield>
  <subfield code="4">trl</subfield>
</datafield>
<datafield tag="765" ind1="0" ind2=" ">
  <subfield code="t">Time to kill</subfield>
  <subfield code="9">Česky</subfield>
</datafield>
<datafield tag="852" ind1=" " ind2=" ">
  <subfield code="b">B</subfield>
</datafield>
<datafield tag="910" ind1=" " ind2=" ">
  <subfield code="a">CBA001</subfield>
</datafield>
<datafield tag="928" ind1="9" ind2=" ">
  <subfield code="7">cbvk_us_auth*p0009419</subfield>
  <subfield code="a">Knižní klub</subfield>
  <subfield code="4">pbl</subfield>
</datafield>
<datafield tag="970" ind1=" " ind2=" ">
  <subfield code="b">AMG</subfield>
  <subfield code="k">stch</subfield>
  <subfield code="k">pavlas</subfield>
</datafield>
<datafield tag="999" ind1=" " ind2=" ">
  <subfield code="a">142</subfield>
  <subfield code="b">CBVK</subfield>
  <subfield code="c">CBVK</subfield>
  <subfield code="d">CBA001/Havl-20050916#..#i2.okx.sync-20180421-83197452#i2.okx.sync-20180428-83386134#i2.okx.sync-20180509-83617581#i2.okx.sync-20180522-83939847#i2.okx.sync-20180524-84003157#i2.okx.sync-20180525-84026204#i2.okx.sync-20200315-106437999#i2.okx.sync-20200404-106923698</subfield>
</datafield>
<datafield tag="C99" ind1=" " ind2=" ">
  <subfield code="a">nkc20051569597</subfield>
  <subfield code="d">DFLT_US_CAT_BK_A</subfield>
</datafield>
</record>