
<record>
<leader>02531cam-a2200589-a-4500</leader>
<controlfield tag="001">m0000015</controlfield>
<controlfield tag="003">CZ-CbJVK</controlfield>
<controlfield tag="005">20180411014332.5</controlfield>
<controlfield tag="007">ta</controlfield>
<controlfield tag="008">040414s2004----xr-a---e------000-j-cze--</controlfield>
<datafield tag="015" ind1=" " ind2=" ">
  <subfield code="a">cnb001311586</subfield>
</datafield>
<datafield tag="020" ind1=" " ind2=" ">
  <subfield code="a">80-86695-49-2</subfield>
  <subfield code="q">(váz.)</subfield>
</datafield>
<datafield tag="035" ind1=" " ind2=" ">
  <subfield code="a">(OCoLC)85101032</subfield>
</datafield>
<datafield tag="040" ind1=" " ind2=" ">
  <subfield code="a">BOA001</subfield>
  <subfield code="b">cze</subfield>
  <subfield code="d">ABA001</subfield>
</datafield>
<datafield tag="072" ind1=" " ind2="7">
  <subfield code="a">821.162.3-3</subfield>
  <subfield code="x">Česká próza</subfield>
  <subfield code="2">Konspekt</subfield>
  <subfield code="9">25</subfield>
</datafield>
<datafield tag="080" ind1=" " ind2=" ">
  <subfield code="a">821.162.3-3</subfield>
  <subfield code="2">MRF</subfield>
</datafield>
<datafield tag="080" ind1=" " ind2=" ">
  <subfield code="a">(0:82-321.5)</subfield>
  <subfield code="2">MRF</subfield>
</datafield>
<datafield tag="100" ind1="1" ind2=" ">
  <subfield code="7">cbvk_us_auth*m0087812</subfield>
  <subfield code="a">Křížová, Kateřina,</subfield>
  <subfield code="d">1971-</subfield>
  <subfield code="4">aut</subfield>
</datafield>
<datafield tag="245" ind1="1" ind2="0">
  <subfield code="a">--a ještě kafíčko /</subfield>
  <subfield code="c">Kateřina Křížová ; [ilustrace Ríša Kříž]</subfield>
</datafield>
<datafield tag="250" ind1=" " ind2=" ">
  <subfield code="a">Vyd. 1.</subfield>
</datafield>
<datafield tag="260" ind1=" " ind2=" ">
  <subfield code="a">Praha :</subfield>
  <subfield code="b">Rodiče,</subfield>
  <subfield code="c">2004</subfield>
</datafield>
<datafield tag="300" ind1=" " ind2=" ">
  <subfield code="a">86 s. :</subfield>
  <subfield code="b">il. ;</subfield>
  <subfield code="c">19 cm</subfield>
</datafield>
<datafield tag="520" ind1="3" ind2=" ">
  <subfield code="a">Dětské neplechy, představy, a hry s nečekaným efektem, popisuje autorka ve vyprávění o svém dětství, které prožila v milující a psychicky zřejmě velice odolné rodině, jež přežila v poměrném zdraví všechny skopičiny dvou malých holčiček. Nenáročná knížka je souhrnem komických příběhů, které se ústní tradicí šíří v každé rodině a na které se vzpomíná při rodinných sešlostech tím raději, čím delší čas uplynul od jejich někdy až ničivých důsledků.</subfield>
  <subfield code="c">okcz</subfield>
  <subfield code="u">https://www.obalkyknih.cz/view?isbn=9788086695495</subfield>
  <subfield code="2">Městská knihovna v Praze</subfield>
</datafield>
<datafield tag="655" ind1=" " ind2="7">
  <subfield code="7">cbvk_us_auth*f0000452</subfield>
  <subfield code="a">humoristické prózy</subfield>
  <subfield code="2">czenas</subfield>
</datafield>
<datafield tag="655" ind1=" " ind2="7">
  <subfield code="7">cbvk_us_auth*f0000225</subfield>
  <subfield code="a">české prózy</subfield>
  <subfield code="2">czenas</subfield>
</datafield>
<datafield tag="852" ind1=" " ind2=" ">
  <subfield code="b">B</subfield>
  <subfield code="c">DETSTA</subfield>
</datafield>
<datafield tag="910" ind1=" " ind2=" ">
  <subfield code="a">CBA001</subfield>
</datafield>
<datafield tag="928" ind1="9" ind2=" ">
  <subfield code="7">cbvk_us_auth*p0017290</subfield>
  <subfield code="a">Rodiče</subfield>
  <subfield code="4">pbl</subfield>
</datafield>
<datafield tag="970" ind1=" " ind2=" ">
  <subfield code="b">AMG</subfield>
  <subfield code="k">stch</subfield>
  <subfield code="k">pavlas</subfield>
</datafield>
<datafield tag="999" ind1=" " ind2=" ">
  <subfield code="a">94</subfield>
  <subfield code="b">CBVK</subfield>
  <subfield code="c">CBVK</subfield>
  <subfield code="d">CBA001/Mares-20040423#..#i2.okx.sync-20180329-82200812#i2.okx.sync-20180402-82360419#i2.okx.sync-20180403-82397167#i2.okx.sync-20180405-82553957#i2.okx.sync-20180406-82614801#i2.okx.sync-20180409-82764252#i2.okx.sync-20180411-82891546</subfield>
</datafield>
<datafield tag="C99" ind1=" " ind2=" ">
  <subfield code="a">cpk20041311586</subfield>
  <subfield code="d">DFLT_US_CAT_BK_A</subfield>
</datafield>
</record>