
<record>
<leader>00000nam-a22     3a-4500</leader>
<controlfield tag="001">m0000033</controlfield>
<controlfield tag="003">CZ-CbJVK</controlfield>
<controlfield tag="005">20201204100135.6</controlfield>
<controlfield tag="007">ta</controlfield>
<controlfield tag="008">980609s1998----xr-o----------000-mbcze-|</controlfield>
<datafield tag="015" ind1=" " ind2=" ">
  <subfield code="a">cnb000326747</subfield>
</datafield>
<datafield tag="020" ind1=" " ind2=" ">
  <subfield code="a">80-85910-18-7</subfield>
</datafield>
<datafield tag="035" ind1=" " ind2=" ">
  <subfield code="a">(OCoLC)40084935</subfield>
</datafield>
<datafield tag="040" ind1=" " ind2=" ">
  <subfield code="a">CBA001</subfield>
  <subfield code="b">cze</subfield>
</datafield>
<datafield tag="043" ind1=" " ind2=" ">
  <subfield code="a">e-xr---</subfield>
</datafield>
<datafield tag="072" ind1=" " ind2="7">
  <subfield code="a">821.162.3.09</subfield>
  <subfield code="x">Česká literatura (o ní)</subfield>
  <subfield code="9">11</subfield>
  <subfield code="2">Konspekt</subfield>
</datafield>
<datafield tag="080" ind1=" " ind2=" ">
  <subfield code="a">821.162.3-1-051</subfield>
  <subfield code="2">MRF</subfield>
</datafield>
<datafield tag="080" ind1=" " ind2=" ">
  <subfield code="a">(0:82-192)</subfield>
  <subfield code="2">MRF</subfield>
</datafield>
<datafield tag="080" ind1=" " ind2=" ">
  <subfield code="a">78.07</subfield>
  <subfield code="2">MRF</subfield>
</datafield>
<datafield tag="080" ind1=" " ind2=" ">
  <subfield code="a">784</subfield>
  <subfield code="2">MRF</subfield>
</datafield>
<datafield tag="080" ind1=" " ind2=" ">
  <subfield code="a">785</subfield>
  <subfield code="2">MRF</subfield>
</datafield>
<datafield tag="080" ind1=" " ind2=" ">
  <subfield code="a">821.162.3-1</subfield>
  <subfield code="2">MRF</subfield>
</datafield>
<datafield tag="080" ind1=" " ind2=" ">
  <subfield code="a">929</subfield>
  <subfield code="2">MRF</subfield>
</datafield>
<datafield tag="100" ind1="1" ind2=" ">
  <subfield code="7">cbvk_us_auth*m0180307</subfield>
  <subfield code="a">Vrba, Pavel,</subfield>
  <subfield code="d">1938-2011</subfield>
  <subfield code="4">aut</subfield>
</datafield>
<datafield tag="245" ind1="1" ind2="0">
  <subfield code="a">--a prošlo tu 60+6 Andělů :</subfield>
  <subfield code="b">texty, básně, vzpomínky, poznámky /</subfield>
  <subfield code="c">Pavel Vrba ; [výtvarný doprovod, grafická úprava Aleš Striegl ; fotografie archiv Pavla Vrby]</subfield>
</datafield>
<datafield tag="260" ind1=" " ind2=" ">
  <subfield code="a">Praha :</subfield>
  <subfield code="b">HAK - Humor a kvalita,</subfield>
  <subfield code="c">1998</subfield>
</datafield>
<datafield tag="300" ind1=" " ind2=" ">
  <subfield code="a">208 s. :</subfield>
  <subfield code="b">il.</subfield>
</datafield>
<datafield tag="500" ind1=" " ind2=" ">
  <subfield code="a">Předmluva -- Doslov</subfield>
</datafield>
<datafield tag="520" ind1="3" ind2=" ">
  <subfield code="a">Básník a textař Pavel Vrba je znám především svou spoluprací s předními domácími hudebníky a skupinami z oblasti populární hudby. Historky a autentický popis zážitků se známými umělci patří k zajímavějším částem netypické autobiografie, kterou si autor daroval ke svým šedesátým narozeninám. Spíše než pro hudebníky  je tato kniha určena širší veřejnosti.</subfield>
  <subfield code="c">okcz</subfield>
  <subfield code="u">https://www.obalkyknih.cz/view?isbn=9788085910186</subfield>
  <subfield code="2">MLP</subfield>
</datafield>
<datafield tag="600" ind1="1" ind2="7">
  <subfield code="7">cbvk_us_auth*m0180307</subfield>
  <subfield code="a">Vrba, Pavel,</subfield>
  <subfield code="d">1938-2011</subfield>
  <subfield code="2">czenas</subfield>
</datafield>
<datafield tag="650" ind1=" " ind2="7">
  <subfield code="7">cbvk_us_auth*v0003044</subfield>
  <subfield code="a">čeští básníci</subfield>
  <subfield code="y">20.-21. století</subfield>
  <subfield code="2">czenas</subfield>
</datafield>
<datafield tag="655" ind1=" " ind2="7">
  <subfield code="7">cbvk_us_auth*f0000885</subfield>
  <subfield code="a">písňové texty</subfield>
  <subfield code="2">czenas</subfield>
</datafield>
<datafield tag="655" ind1=" " ind2="7">
  <subfield code="7">cbvk_us_auth*f0000895</subfield>
  <subfield code="a">poezie</subfield>
  <subfield code="2">czenas</subfield>
</datafield>
<datafield tag="655" ind1=" " ind2="7">
  <subfield code="7">cbvk_us_auth*f0001337</subfield>
  <subfield code="a">úvahy</subfield>
  <subfield code="2">czenas</subfield>
</datafield>
<datafield tag="655" ind1=" " ind2="7">
  <subfield code="7">cbvk_us_auth*f0001406</subfield>
  <subfield code="a">vzpomínky</subfield>
  <subfield code="2">czenas</subfield>
</datafield>
<datafield tag="655" ind1=" " ind2="7">
  <subfield code="7">cbvk_us_auth*f0000156</subfield>
  <subfield code="a">biografie</subfield>
  <subfield code="2">czenas</subfield>
</datafield>
<datafield tag="700" ind1="1" ind2=" ">
  <subfield code="a">Striegl, Aleš,</subfield>
  <subfield code="d">1946-</subfield>
  <subfield code="4">ill</subfield>
  <subfield code="7">cbvk_us_auth*m0155520</subfield>
</datafield>
<datafield tag="852" ind1=" " ind2=" ">
  <subfield code="c">821.162.3-051</subfield>
  <subfield code="b">N</subfield>
</datafield>
<datafield tag="887" ind1=" " ind2=" ">
  <subfield code="a">98/009</subfield>
</datafield>
<datafield tag="910" ind1=" " ind2=" ">
  <subfield code="a">CBA001</subfield>
</datafield>
<datafield tag="928" ind1="9" ind2=" ">
  <subfield code="7">cbvk_us_auth*p0006486</subfield>
  <subfield code="a">HAK - Humor a kvalita</subfield>
  <subfield code="4">pbl</subfield>
</datafield>
<datafield tag="969" ind1=" " ind2=" ">
  <subfield code="f">N</subfield>
  <subfield code="g">20180406</subfield>
</datafield>
<datafield tag="970" ind1=" " ind2=" ">
  <subfield code="b">AMG</subfield>
</datafield>
<datafield tag="981" ind1=" " ind2=" ">
  <subfield code="b">139.00</subfield>
</datafield>
<datafield tag="999" ind1=" " ind2=" ">
  <subfield code="a">95</subfield>
  <subfield code="b">CBVK</subfield>
  <subfield code="c">CBVK</subfield>
  <subfield code="d">CBA 001/Piz-19980609#..#i2.okx.sync-20180327-82074427#i2.okx.sync-20180329-82200820#i2.okx.sync-20180403-82397175#i2.okx.sync-20180406-82614807#i2.okx.sync-20200313-106388667#i2.okx.sync-20200318-106530524#kratochvilova-20201204-114249879</subfield>
</datafield>
<datafield tag="C99" ind1=" " ind2=" ">
  <subfield code="d">DFLT_US_CAT_BK_A</subfield>
</datafield>
</record>