
<record>
<leader>00000nam-a22     3a-4500</leader>
<controlfield tag="001">m0000047</controlfield>
<controlfield tag="003">CZ-CbJVK</controlfield>
<controlfield tag="005">20120829135353.3</controlfield>
<controlfield tag="007">ta</controlfield>
<controlfield tag="008">980820s1997----xr-                 cze-|</controlfield>
<datafield tag="015" ind1=" " ind2=" ">
  <subfield code="a">cnb000318440</subfield>
</datafield>
<datafield tag="035" ind1=" " ind2=" ">
  <subfield code="a">(OCoLC)39871615</subfield>
</datafield>
<datafield tag="040" ind1=" " ind2=" ">
  <subfield code="a">CBA001</subfield>
  <subfield code="b">cze</subfield>
</datafield>
<datafield tag="072" ind1=" " ind2="7">
  <subfield code="a">356</subfield>
  <subfield code="x">Vojenská služba. Pěchota</subfield>
  <subfield code="9">15</subfield>
  <subfield code="2">Konspekt</subfield>
</datafield>
<datafield tag="080" ind1=" " ind2=" ">
  <subfield code="a">356.169</subfield>
  <subfield code="2">MRF</subfield>
</datafield>
<datafield tag="080" ind1=" " ind2=" ">
  <subfield code="a">94(100)&quot;1939/1945&quot;</subfield>
  <subfield code="2">MRF</subfield>
</datafield>
<datafield tag="100" ind1="1" ind2=" ">
  <subfield code="a">Richter, Karel,</subfield>
  <subfield code="d">1930-</subfield>
  <subfield code="4">aut</subfield>
  <subfield code="7">cbvk_us_auth*m0136623</subfield>
</datafield>
<datafield tag="245" ind1="1" ind2="0">
  <subfield code="a">--a v zádech měli smrt /</subfield>
  <subfield code="c">Karel Richter</subfield>
</datafield>
<datafield tag="250" ind1=" " ind2=" ">
  <subfield code="a">Vyd. 1.</subfield>
</datafield>
<datafield tag="260" ind1=" " ind2=" ">
  <subfield code="a">Třebíč :</subfield>
  <subfield code="b">Tempo,</subfield>
  <subfield code="c">1997</subfield>
</datafield>
<datafield tag="300" ind1=" " ind2=" ">
  <subfield code="a">325 s. :</subfield>
  <subfield code="b">il.</subfield>
</datafield>
<datafield tag="490" ind1="1" ind2=" ">
  <subfield code="a">Fakta</subfield>
</datafield>
<datafield tag="504" ind1=" " ind2=" ">
  <subfield code="a">Obsahuje bibliografii</subfield>
</datafield>
<datafield tag="650" ind1=" " ind2="7">
  <subfield code="7">cbvk_us_auth*v0021913</subfield>
  <subfield code="a">druhá světová válka (1939-1945)</subfield>
  <subfield code="2">czenas</subfield>
</datafield>
<datafield tag="650" ind1=" " ind2="7">
  <subfield code="7">cbvk_us_auth*v0024905</subfield>
  <subfield code="a">vojenští parašutisté</subfield>
  <subfield code="2">czenas</subfield>
</datafield>
<datafield tag="655" ind1=" " ind2="7">
  <subfield code="7">cbvk_us_auth*f0000679</subfield>
  <subfield code="a">literatura faktu</subfield>
  <subfield code="2">czenas</subfield>
</datafield>
<datafield tag="655" ind1=" " ind2="7">
  <subfield code="a">monografie</subfield>
  <subfield code="2">czenas</subfield>
  <subfield code="7">cbvk_us_auth*f0000762</subfield>
</datafield>
<datafield tag="830" ind1=" " ind2="0">
  <subfield code="a">Fakta (Tempo)</subfield>
  <subfield code="7">cbvk_us_auth*0020197</subfield>
</datafield>
<datafield tag="852" ind1=" " ind2=" ">
  <subfield code="b">N</subfield>
</datafield>
<datafield tag="887" ind1=" " ind2=" ">
  <subfield code="a">98/011</subfield>
</datafield>
<datafield tag="910" ind1=" " ind2=" ">
  <subfield code="a">CBA001</subfield>
</datafield>
<datafield tag="964" ind1=" " ind2=" ">
  <subfield code="a">Válka světová 1939-1945 - výsadek letecký S-1 - Československo - r.1941 - literatura faktu</subfield>
</datafield>
<datafield tag="964" ind1=" " ind2=" ">
  <subfield code="a">Výsadek letecký S-1 - Československo - r.1941 - literatura faktu</subfield>
</datafield>
<datafield tag="964" ind1=" " ind2=" ">
  <subfield code="a">Výsadky letecké čs. - r.1941 - literatura faktu</subfield>
</datafield>
<datafield tag="969" ind1=" " ind2=" ">
  <subfield code="f">N</subfield>
  <subfield code="g">20120829</subfield>
</datafield>
<datafield tag="970" ind1=" " ind2=" ">
  <subfield code="b">AMG</subfield>
</datafield>
<datafield tag="981" ind1=" " ind2=" ">
  <subfield code="b">175.00</subfield>
</datafield>
<datafield tag="999" ind1=" " ind2=" ">
  <subfield code="a">9</subfield>
  <subfield code="b">CBVK</subfield>
  <subfield code="c">CBVK</subfield>
  <subfield code="d">CBA 001/Rou-19980820#mh-20070910-4197341#sys-20070911#sys-20081029#sys-20090125-11473729#sys-20100126#mk-20120829-35165901</subfield>
</datafield>
<datafield tag="C36" ind1=" " ind2="2">
  <subfield code="7">cbvk_us_auth*k0009629</subfield>
  <subfield code="a">dějiny Československa</subfield>
</datafield>
<datafield tag="C36" ind1=" " ind2="2">
  <subfield code="7">cbvk_us_auth*t0013570</subfield>
  <subfield code="a">výsadkáři</subfield>
</datafield>
<datafield tag="C99" ind1=" " ind2=" ">
  <subfield code="d">DFLT_US_CAT_BK_A</subfield>
</datafield>
</record>