
<record>
<leader>00000nam-a22     3a-4500</leader>
<controlfield tag="001">m0000049</controlfield>
<controlfield tag="003">CZ-CbJVK</controlfield>
<controlfield tag="005">20210219111301.6</controlfield>
<controlfield tag="007">ta</controlfield>
<controlfield tag="008">040614s2004----xr-                 cze-|</controlfield>
<datafield tag="015" ind1=" " ind2=" ">
  <subfield code="a">cnb001367687</subfield>
</datafield>
<datafield tag="020" ind1=" " ind2=" ">
  <subfield code="a">80-7287-079-3</subfield>
</datafield>
<datafield tag="035" ind1=" " ind2=" ">
  <subfield code="a">(OCoLC)56009492</subfield>
</datafield>
<datafield tag="040" ind1=" " ind2=" ">
  <subfield code="a">ULG001</subfield>
  <subfield code="b">cze</subfield>
</datafield>
<datafield tag="080" ind1=" " ind2=" ">
  <subfield code="a">821.162.3-32</subfield>
  <subfield code="2">MRF</subfield>
</datafield>
<datafield tag="100" ind1="1" ind2=" ">
  <subfield code="a">Pelc, Jan,</subfield>
  <subfield code="d">1957-</subfield>
  <subfield code="4">aut</subfield>
  <subfield code="7">cbvk_us_auth*m0124261</subfield>
</datafield>
<datafield tag="245" ind1="1" ind2="0">
  <subfield code="a">--a vyberte si /</subfield>
  <subfield code="c">Jan Pelc ; [ilustrace Bedřich Glaser]</subfield>
</datafield>
<datafield tag="250" ind1=" " ind2=" ">
  <subfield code="a">Vyd. 1.</subfield>
</datafield>
<datafield tag="260" ind1=" " ind2=" ">
  <subfield code="a">Praha :</subfield>
  <subfield code="b">Maťa,</subfield>
  <subfield code="c">2004</subfield>
</datafield>
<datafield tag="300" ind1=" " ind2=" ">
  <subfield code="a">265 s. :</subfield>
  <subfield code="b">il.</subfield>
</datafield>
<datafield tag="490" ind1="1" ind2=" ">
  <subfield code="a">Česká radost ;</subfield>
  <subfield code="v">sv. 37</subfield>
</datafield>
<datafield tag="520" ind1="3" ind2=" ">
  <subfield code="a">Kompletní povídková tvorba Jana Pelce. Kromě té, která již vyšla pod tituly ...a povídky, ...a máš mě rád? a ...a golpotoni táhnou, tvoří více než třetinu povídky dosud nevydané</subfield>
  <subfield code="c">okcz</subfield>
  <subfield code="u">https://www.obalkyknih.cz/view?isbn=9788072870790</subfield>
  <subfield code="2">Web obalkyknih.cz</subfield>
</datafield>
<datafield tag="650" ind1=" " ind2="7">
  <subfield code="7">cbvk_us_auth*v0002973</subfield>
  <subfield code="a">česká literatura</subfield>
  <subfield code="2">czenas</subfield>
</datafield>
<datafield tag="655" ind1=" " ind2="7">
  <subfield code="7">cbvk_us_auth*f0000937</subfield>
  <subfield code="a">povídky</subfield>
  <subfield code="2">czenas</subfield>
</datafield>
<datafield tag="700" ind1="1" ind2=" ">
  <subfield code="a">Glaser, Bedřich,</subfield>
  <subfield code="d">1957-</subfield>
  <subfield code="4">ill</subfield>
  <subfield code="7">cbvk_us_auth*m0048578</subfield>
</datafield>
<datafield tag="830" ind1=" " ind2="0">
  <subfield code="a">Česká radost ;</subfield>
  <subfield code="v">sv. 37</subfield>
  <subfield code="7">cbvk_us_auth*0066480</subfield>
</datafield>
<datafield tag="852" ind1=" " ind2=" ">
  <subfield code="b">B</subfield>
</datafield>
<datafield tag="856" ind1="4" ind2="1">
  <subfield code="u">https://ndk.cz/uuid/uuid:872522a0-5eb9-11ea-bd77-005056827e51</subfield>
  <subfield code="y">Digitalizovaný dokument</subfield>
  <subfield code="3">DNNT</subfield>
  <subfield code="x">COVID</subfield>
</datafield>
<datafield tag="887" ind1=" " ind2=" ">
  <subfield code="a">04/008</subfield>
</datafield>
<datafield tag="910" ind1=" " ind2=" ">
  <subfield code="a">CBA001</subfield>
</datafield>
<datafield tag="969" ind1=" " ind2=" ">
  <subfield code="f">N</subfield>
  <subfield code="g">20190307</subfield>
</datafield>
<datafield tag="970" ind1=" " ind2=" ">
  <subfield code="b">AMG</subfield>
</datafield>
<datafield tag="981" ind1=" " ind2=" ">
  <subfield code="b">248.00</subfield>
</datafield>
<datafield tag="999" ind1=" " ind2=" ">
  <subfield code="a">33</subfield>
  <subfield code="b">CBVK</subfield>
  <subfield code="c">CBVK</subfield>
  <subfield code="d">ULG001-20040614#..#i2.okx.sync-20180312-81162885#i2.okx.sync-20180405-82553965#i2.okx.sync-20180410-82831531#sys-20181001-87664646#svejdova-20190228-93077441#lm-20190301-93121984#mk-20190307-93334969#sys-20210219-116096582</subfield>
</datafield>
<datafield tag="C72" ind1=" " ind2=" ">
  <subfield code="a">821.162.3-3</subfield>
  <subfield code="9">25</subfield>
  <subfield code="x">Česká próza</subfield>
</datafield>
<datafield tag="C99" ind1=" " ind2=" ">
  <subfield code="d">DFLT_US_CAT_BK_A</subfield>
  <subfield code="a">cpk20041367687</subfield>
</datafield>
</record>