
<record>
<leader>00000nam-a22     3a-4500</leader>
<controlfield tag="001">m0000069</controlfield>
<controlfield tag="003">CZ-CbJVK</controlfield>
<controlfield tag="005">20200818154122.6</controlfield>
<controlfield tag="007">ta</controlfield>
<controlfield tag="008">990615s1976----xr-                 cze-|</controlfield>
<datafield tag="015" ind1=" " ind2=" ">
  <subfield code="a">cnb000163925</subfield>
</datafield>
<datafield tag="035" ind1=" " ind2=" ">
  <subfield code="a">(OCoLC)17428269</subfield>
</datafield>
<datafield tag="040" ind1=" " ind2=" ">
  <subfield code="a">CBA001</subfield>
  <subfield code="b">cze</subfield>
</datafield>
<datafield tag="080" ind1=" " ind2=" ">
  <subfield code="a">821.162.1-31</subfield>
  <subfield code="2">MRF</subfield>
</datafield>
<datafield tag="100" ind1="1" ind2=" ">
  <subfield code="7">cbvk_us_auth*m0117599</subfield>
  <subfield code="a">Nowak, Tadeusz,</subfield>
  <subfield code="d">1930-1991</subfield>
  <subfield code="4">aut</subfield>
</datafield>
<datafield tag="245" ind1="1" ind2="0">
  <subfield code="a">--až budeš králem, až budeš katem--</subfield>
</datafield>
<datafield tag="250" ind1=" " ind2=" ">
  <subfield code="a">Vyd. 1.</subfield>
</datafield>
<datafield tag="260" ind1=" " ind2=" ">
  <subfield code="a">Praha :</subfield>
  <subfield code="b">Naše vojsko,</subfield>
  <subfield code="c">1976</subfield>
</datafield>
<datafield tag="300" ind1=" " ind2=" ">
  <subfield code="a">242 s.</subfield>
</datafield>
<datafield tag="490" ind1="1" ind2=" ">
  <subfield code="a">Hvězda ;</subfield>
  <subfield code="v">Svazek 8</subfield>
</datafield>
<datafield tag="520" ind1="3" ind2=" ">
  <subfield code="a">Tato první část Nowakovy trilogie zachycuje na příběhu tří ústředních postav – Petra, jeho milé Heleny a jeho kamaráda, ale i soka v lásce Stacha – vesnici doby meziválečné a válečné a jejím ústředním konfliktem je svár mezi odvěkým božím přikázáním Nezabiješ a nutností postavit se proti zlu (tady válečnému) i za cenu zabití člověka-nepřítele. Petr si pak klade otázku, zda má právo vzít do svých krví potřísněných rukou svého čerstvě narozeného syna a vychovávat jej…</subfield>
  <subfield code="c">okcz</subfield>
  <subfield code="u">https://www.obalkyknih.cz/view?oclc=(OCoLC)17428269&amp;nbn=cnb000163925</subfield>
  <subfield code="2">OKCZ - ANOTACE Z WEBU</subfield>
</datafield>
<datafield tag="650" ind1=" " ind2="7">
  <subfield code="7">cbvk_us_auth*v0016924</subfield>
  <subfield code="a">polská literatura</subfield>
  <subfield code="2">czenas</subfield>
</datafield>
<datafield tag="655" ind1=" " ind2="7">
  <subfield code="7">cbvk_us_auth*f0001043</subfield>
  <subfield code="a">romány</subfield>
  <subfield code="2">czenas</subfield>
</datafield>
<datafield tag="830" ind1=" " ind2="0">
  <subfield code="a">Hvězda ;</subfield>
  <subfield code="v">Svazek 8</subfield>
  <subfield code="7">cbvk_us_auth*0066504</subfield>
</datafield>
<datafield tag="852" ind1=" " ind2=" ">
  <subfield code="b">B</subfield>
</datafield>
<datafield tag="856" ind1="4" ind2="1">
  <subfield code="u">https://ndk.cz/uuid/uuid:63f44290-f9e7-11e2-9923-005056827e52</subfield>
  <subfield code="y">Digitalizovaný dokument</subfield>
  <subfield code="3">DNNT</subfield>
</datafield>
<datafield tag="910" ind1=" " ind2=" ">
  <subfield code="a">CBA001</subfield>
</datafield>
<datafield tag="969" ind1=" " ind2=" ">
  <subfield code="f">R</subfield>
  <subfield code="f">N</subfield>
  <subfield code="g">20190314</subfield>
</datafield>
<datafield tag="970" ind1=" " ind2=" ">
  <subfield code="b">AMG</subfield>
</datafield>
<datafield tag="999" ind1=" " ind2=" ">
  <subfield code="a">11</subfield>
  <subfield code="b">CBVK</subfield>
  <subfield code="c">CBVK</subfield>
  <subfield code="d">CBA 001/Brz-19990615#sys-20070906#sys-20070912#sys-20090125-11473771#sys-20100126#sys-20100520#sys-20181001-87664650#sys-20190314#i2.okx.sync-20200113-104207058#sys-20200818-110834709</subfield>
</datafield>
<datafield tag="C72" ind1=" " ind2=" ">
  <subfield code="a">821.162.1</subfield>
  <subfield code="9">25</subfield>
  <subfield code="x">Polská literatura</subfield>
</datafield>
<datafield tag="C99" ind1=" " ind2=" ">
  <subfield code="d">DFLT_US_CAT_BK_A</subfield>
  <subfield code="a">PAG0105611</subfield>
</datafield>
</record>