
<record>
<leader>00000nam-a22     3a-4500</leader>
<controlfield tag="001">m0000081</controlfield>
<controlfield tag="003">CZ-CbJVK</controlfield>
<controlfield tag="005">20200818150129.9</controlfield>
<controlfield tag="007">ta</controlfield>
<controlfield tag="008">980121s1986----xr-                 cze-|</controlfield>
<datafield tag="015" ind1=" " ind2=" ">
  <subfield code="a">cnb000016552</subfield>
</datafield>
<datafield tag="035" ind1=" " ind2=" ">
  <subfield code="a">(OCoLC)17769079</subfield>
</datafield>
<datafield tag="040" ind1=" " ind2=" ">
  <subfield code="a">CBA001</subfield>
  <subfield code="b">cze</subfield>
</datafield>
<datafield tag="072" ind1=" " ind2="7">
  <subfield code="a">821.162.3-1</subfield>
  <subfield code="x">Česká poezie</subfield>
  <subfield code="9">25</subfield>
  <subfield code="2">Konspekt</subfield>
</datafield>
<datafield tag="080" ind1=" " ind2=" ">
  <subfield code="a">821.162.3-1</subfield>
  <subfield code="2">MRF</subfield>
</datafield>
<datafield tag="080" ind1=" " ind2=" ">
  <subfield code="a">(0:82-1)</subfield>
  <subfield code="2">MRF</subfield>
</datafield>
<datafield tag="100" ind1="1" ind2=" ">
  <subfield code="a">Čejka, Jaroslav,</subfield>
  <subfield code="d">1943-</subfield>
  <subfield code="4">aut</subfield>
  <subfield code="7">cbvk_us_auth*m0026545</subfield>
</datafield>
<datafield tag="245" ind1="1" ind2="0">
  <subfield code="a">Čtení z ruky, aneb, Chiromantické básně</subfield>
</datafield>
<datafield tag="250" ind1=" " ind2=" ">
  <subfield code="a">Vyd. 1.</subfield>
</datafield>
<datafield tag="260" ind1=" " ind2=" ">
  <subfield code="a">V Praze :</subfield>
  <subfield code="b">Československý spisovatel,</subfield>
  <subfield code="c">1986</subfield>
</datafield>
<datafield tag="300" ind1=" " ind2=" ">
  <subfield code="a">65 s.</subfield>
</datafield>
<datafield tag="655" ind1=" " ind2="7">
  <subfield code="7">cbvk_us_auth*f0000218</subfield>
  <subfield code="a">česká poezie</subfield>
  <subfield code="2">czenas</subfield>
</datafield>
<datafield tag="700" ind1="1" ind2=" ">
  <subfield code="a">Špale, Václav,</subfield>
  <subfield code="d">1950-</subfield>
  <subfield code="4">ill</subfield>
  <subfield code="7">cbvk_us_auth*m0162101</subfield>
</datafield>
<datafield tag="852" ind1=" " ind2=" ">
  <subfield code="b">B</subfield>
</datafield>
<datafield tag="856" ind1="4" ind2="1">
  <subfield code="u">https://ndk.cz/uuid/uuid:3df8e3c0-4798-11e4-8113-005056827e52</subfield>
  <subfield code="y">Digitalizovaný dokument</subfield>
  <subfield code="3">DNNT</subfield>
</datafield>
<datafield tag="910" ind1=" " ind2=" ">
  <subfield code="a">CBA001</subfield>
</datafield>
<datafield tag="969" ind1=" " ind2=" ">
  <subfield code="f">R</subfield>
  <subfield code="f">N</subfield>
  <subfield code="g">20100126</subfield>
</datafield>
<datafield tag="970" ind1=" " ind2=" ">
  <subfield code="b">AMG</subfield>
</datafield>
<datafield tag="999" ind1=" " ind2=" ">
  <subfield code="a">8</subfield>
  <subfield code="b">CBVK</subfield>
  <subfield code="c">CBVK</subfield>
  <subfield code="d">CBA 001/Ves-19980121#sys-20070906#sys-20070912#sys-20090125-11473795#sys-20100126#be-20200713-109714808#sys-20200818-110796289</subfield>
</datafield>
<datafield tag="C99" ind1=" " ind2=" ">
  <subfield code="d">DFLT_US_CAT_BK_A</subfield>
  <subfield code="a">slk20020144067</subfield>
</datafield>
</record>