
<record>
<leader>00000nam-a22     3a-4500</leader>
<controlfield tag="001">m0000100</controlfield>
<controlfield tag="003">CZ-CbJVK</controlfield>
<controlfield tag="005">20180410012112.0</controlfield>
<controlfield tag="007">ta</controlfield>
<controlfield tag="008">981103s1998----xr-a---g------000-j-cze-d</controlfield>
<datafield tag="015" ind1=" " ind2=" ">
  <subfield code="a">cnb000389677</subfield>
</datafield>
<datafield tag="020" ind1=" " ind2=" ">
  <subfield code="a">80-85910-21-7 (váz.)</subfield>
</datafield>
<datafield tag="035" ind1=" " ind2=" ">
  <subfield code="a">(OCoLC)40636320</subfield>
</datafield>
<datafield tag="040" ind1=" " ind2=" ">
  <subfield code="a">CBA001</subfield>
  <subfield code="b">cze</subfield>
</datafield>
<datafield tag="072" ind1=" " ind2="7">
  <subfield code="a">821.162.3-3</subfield>
  <subfield code="x">Česká próza</subfield>
  <subfield code="9">25</subfield>
  <subfield code="2">Konspekt</subfield>
</datafield>
<datafield tag="080" ind1=" " ind2=" ">
  <subfield code="a">821.162.3-32</subfield>
  <subfield code="2">MRF</subfield>
</datafield>
<datafield tag="080" ind1=" " ind2=" ">
  <subfield code="a">(0:82-32)</subfield>
  <subfield code="2">MRF</subfield>
</datafield>
<datafield tag="100" ind1="1" ind2=" ">
  <subfield code="7">cbvk_us_auth*m0111668</subfield>
  <subfield code="a">Munzar, Luděk,</subfield>
  <subfield code="d">1933-2019</subfield>
  <subfield code="4">aut</subfield>
</datafield>
<datafield tag="245" ind1="1" ind2="0">
  <subfield code="a">&quot;--když jsem to slíbil!&quot; /</subfield>
  <subfield code="c">Luděk Munzar ; [ilustrace Antonín Kryl]</subfield>
</datafield>
<datafield tag="260" ind1=" " ind2=" ">
  <subfield code="a">Praha :</subfield>
  <subfield code="b">HAK,</subfield>
  <subfield code="c">1998</subfield>
</datafield>
<datafield tag="300" ind1=" " ind2=" ">
  <subfield code="a">169 s. :</subfield>
  <subfield code="b">il. ;</subfield>
  <subfield code="c">21 cm</subfield>
</datafield>
<datafield tag="520" ind1="3" ind2=" ">
  <subfield code="a">Autor seznamuje čtenáře se svou láskou k leteckému sportu. Vzpomíná na dětství, na první krůčky kolem letadel, postupné pronikání do stále těžších dovedností, až k úplnému ovládnutí stroje. Humornou formou líčí různé, ne vždy zcela veselé historky. Text zaujme upřímností a silou výpovědi.</subfield>
  <subfield code="c">okcz</subfield>
  <subfield code="u">https://www.obalkyknih.cz/view?isbn=9788085910216</subfield>
  <subfield code="2">Web obalkyknih.cz</subfield>
</datafield>
<datafield tag="655" ind1=" " ind2="7">
  <subfield code="7">cbvk_us_auth*f0000223</subfield>
  <subfield code="a">české povídky</subfield>
  <subfield code="2">czenas</subfield>
</datafield>
<datafield tag="700" ind1="1" ind2=" ">
  <subfield code="7">cbvk_us_auth*m0087257</subfield>
  <subfield code="a">Kryl, Antonín,</subfield>
  <subfield code="d">1932-</subfield>
  <subfield code="4">ill</subfield>
</datafield>
<datafield tag="852" ind1=" " ind2=" ">
  <subfield code="b">B</subfield>
</datafield>
<datafield tag="887" ind1=" " ind2=" ">
  <subfield code="a">99/001</subfield>
</datafield>
<datafield tag="910" ind1=" " ind2=" ">
  <subfield code="a">CBA001</subfield>
</datafield>
<datafield tag="928" ind1="9" ind2=" ">
  <subfield code="7">cbvk_us_auth*p0006486</subfield>
  <subfield code="a">HAK - Humor a kvalita</subfield>
  <subfield code="4">pbl</subfield>
</datafield>
<datafield tag="969" ind1=" " ind2=" ">
  <subfield code="f">N</subfield>
  <subfield code="g">20180410</subfield>
</datafield>
<datafield tag="970" ind1=" " ind2=" ">
  <subfield code="b">AMG</subfield>
  <subfield code="k">stch</subfield>
  <subfield code="k">ben</subfield>
</datafield>
<datafield tag="999" ind1=" " ind2=" ">
  <subfield code="a">21</subfield>
  <subfield code="b">CBVK</subfield>
  <subfield code="c">CBVK</subfield>
  <subfield code="d">CBA 001/Sve-19981103#..#i2.okx.sync-20180131-78769629#i2.okx.sync-20180202-78892281#i2.okx.sync-20180204-78989351#i2.okx.sync-20180216-79792455#i2.okx.sync-20180225-80294640#i2.okx.sync-20180307-80896253#i2.okx.sync-20180329-82200826#i2.okx.sync-20180410-82831533</subfield>
</datafield>
<datafield tag="C99" ind1=" " ind2=" ">
  <subfield code="d">DFLT_US_CAT_BK_A</subfield>
</datafield>
</record>