
<record>
<leader>00000njm-a22     3a-4500</leader>
<controlfield tag="001">m0000142</controlfield>
<controlfield tag="003">CZ-CbJVK</controlfield>
<controlfield tag="005">20100126143557.9</controlfield>
<controlfield tag="007">ta</controlfield>
<controlfield tag="008">040909nuuuuuuuuxr-                 cze-|</controlfield>
<datafield tag="024" ind1="3" ind2=" ">
  <subfield code="a">8594028080073</subfield>
</datafield>
<datafield tag="040" ind1=" " ind2=" ">
  <subfield code="a">CBA001</subfield>
  <subfield code="b">cze</subfield>
</datafield>
<datafield tag="110" ind1="2" ind2=" ">
  <subfield code="a">Nezmaři (hudební skupina)</subfield>
  <subfield code="4">mus</subfield>
  <subfield code="7">cbvk_us_auth*m0115343</subfield>
</datafield>
<datafield tag="245" ind1="1" ind2="0">
  <subfield code="a">--přej, a bude ti přáno</subfield>
  <subfield code="h">[zvukový záznam]</subfield>
</datafield>
<datafield tag="650" ind1=" " ind2="7">
  <subfield code="7">cbvk_us_auth*v0005752</subfield>
  <subfield code="a">folk</subfield>
  <subfield code="2">czenas</subfield>
</datafield>
<datafield tag="910" ind1=" " ind2=" ">
  <subfield code="a">CBA001</subfield>
</datafield>
<datafield tag="970" ind1=" " ind2=" ">
  <subfield code="b">JZ</subfield>
</datafield>
<datafield tag="999" ind1=" " ind2=" ">
  <subfield code="a">4</subfield>
  <subfield code="b">CBVK</subfield>
  <subfield code="c">CBVK</subfield>
  <subfield code="d">CBA001/Seb-20040909#sys-20090125-11473895#sys-20100126</subfield>
</datafield>
<datafield tag="C99" ind1=" " ind2=" ">
  <subfield code="d">DFLT_US_CAT_MU_J</subfield>
</datafield>
</record>