
<record>
<leader>00000nam-a22     3a-4500</leader>
<controlfield tag="001">m0000158</controlfield>
<controlfield tag="003">CZ-CbJVK</controlfield>
<controlfield tag="005">20210208175104.0</controlfield>
<controlfield tag="007">ta</controlfield>
<controlfield tag="008">950621s1995----xr-                 cze-|</controlfield>
<datafield tag="015" ind1=" " ind2=" ">
  <subfield code="a">cnb000095088</subfield>
</datafield>
<datafield tag="035" ind1=" " ind2=" ">
  <subfield code="a">(OCoLC)36600237</subfield>
</datafield>
<datafield tag="040" ind1=" " ind2=" ">
  <subfield code="a">CBA001</subfield>
  <subfield code="b">cze</subfield>
</datafield>
<datafield tag="080" ind1=" " ind2=" ">
  <subfield code="a">796.07</subfield>
  <subfield code="2">MRF</subfield>
</datafield>
<datafield tag="080" ind1=" " ind2=" ">
  <subfield code="a">796.7</subfield>
  <subfield code="2">MRF</subfield>
</datafield>
<datafield tag="080" ind1=" " ind2=" ">
  <subfield code="a">929</subfield>
  <subfield code="2">MRF</subfield>
</datafield>
<datafield tag="100" ind1="1" ind2=" ">
  <subfield code="a">Janek, Dalibor,</subfield>
  <subfield code="d">1937-2013</subfield>
  <subfield code="7">cbvk_us_auth*m0067671</subfield>
  <subfield code="4">aut</subfield>
</datafield>
<datafield tag="245" ind1="1" ind2="0">
  <subfield code="a">--Šťastný František /</subfield>
  <subfield code="c">Dalibor Janek</subfield>
</datafield>
<datafield tag="250" ind1=" " ind2=" ">
  <subfield code="a">2. vyd.</subfield>
</datafield>
<datafield tag="260" ind1=" " ind2=" ">
  <subfield code="a">Pardubice :</subfield>
  <subfield code="b">Spektrum D,</subfield>
  <subfield code="c">1995</subfield>
</datafield>
<datafield tag="300" ind1=" " ind2=" ">
  <subfield code="a">175 s. :</subfield>
  <subfield code="b">fot. (některé barev.) ;</subfield>
  <subfield code="c">21 cm</subfield>
</datafield>
<datafield tag="500" ind1=" " ind2=" ">
  <subfield code="a">Přehled sportovních výsledků, umístění na MS a sportovních úrazů. - Fot. na tit. l.</subfield>
</datafield>
<datafield tag="600" ind1="1" ind2="4">
  <subfield code="a">Šťastný, František,</subfield>
  <subfield code="d">1927-2000</subfield>
  <subfield code="7">cbvk_us_auth*m0162689</subfield>
</datafield>
<datafield tag="650" ind1=" " ind2="7">
  <subfield code="7">cbvk_us_auth*v0013427</subfield>
  <subfield code="a">motocyklový sport</subfield>
  <subfield code="2">czenas</subfield>
</datafield>
<datafield tag="650" ind1=" " ind2="7">
  <subfield code="7">cbvk_us_auth*v0015543</subfield>
  <subfield code="a">osobnosti</subfield>
  <subfield code="2">czenas</subfield>
</datafield>
<datafield tag="655" ind1=" " ind2="7">
  <subfield code="7">cbvk_us_auth*f0000156</subfield>
  <subfield code="a">biografie</subfield>
  <subfield code="2">czenas</subfield>
</datafield>
<datafield tag="852" ind1=" " ind2=" ">
  <subfield code="b">N</subfield>
  <subfield code="c">796.7</subfield>
</datafield>
<datafield tag="856" ind1="4" ind2="1">
  <subfield code="u">https://ndk.cz/uuid/uuid:c9722040-97c8-11e3-a744-005056827e52</subfield>
  <subfield code="y">Digitalizovaný dokument</subfield>
  <subfield code="3">DNNT</subfield>
</datafield>
<datafield tag="910" ind1=" " ind2=" ">
  <subfield code="a">CBA001</subfield>
</datafield>
<datafield tag="964" ind1=" " ind2=" ">
  <subfield code="a">Šťastný, František, 1927-2000 - život a kariéra sportovní - vzpomínky</subfield>
</datafield>
<datafield tag="969" ind1=" " ind2=" ">
  <subfield code="f">N</subfield>
  <subfield code="g">20140217</subfield>
</datafield>
<datafield tag="970" ind1=" " ind2=" ">
  <subfield code="b">AMG</subfield>
</datafield>
<datafield tag="981" ind1=" " ind2=" ">
  <subfield code="b">40.00</subfield>
</datafield>
<datafield tag="999" ind1=" " ind2=" ">
  <subfield code="a">12</subfield>
  <subfield code="b">CBVK</subfield>
  <subfield code="c">CBVK</subfield>
  <subfield code="d">CBA 001/Kan-19950621#sys-20070910#mh-20070910-4197390#sys-20070911#sys-20081029#sys-20090125-11473919#sys-20100126#sys-20140217#pavlas-20201211-114397835#sys-20210208-115686957</subfield>
</datafield>
<datafield tag="C72" ind1=" " ind2=" ">
  <subfield code="a">796</subfield>
  <subfield code="9">20</subfield>
  <subfield code="x">Sport. Hry. Tělesná cvičení</subfield>
</datafield>
<datafield tag="C99" ind1=" " ind2=" ">
  <subfield code="d">DFLT_US_CAT_BK_A</subfield>
  <subfield code="a">m0000158</subfield>
</datafield>
</record>