
<record>
<leader>02015nam-a2200565-a-4500</leader>
<controlfield tag="001">m0000171</controlfield>
<controlfield tag="003">CZ-CbJVK</controlfield>
<controlfield tag="005">20210208174026.3</controlfield>
<controlfield tag="007">ta</controlfield>
<controlfield tag="008">040420s2003----xr-h---e------000-0dcze--</controlfield>
<datafield tag="015" ind1=" " ind2=" ">
  <subfield code="a">cnb001306543</subfield>
</datafield>
<datafield tag="020" ind1=" " ind2=" ">
  <subfield code="a">80-85844-87-7</subfield>
  <subfield code="q">(brož.)</subfield>
</datafield>
<datafield tag="035" ind1=" " ind2=" ">
  <subfield code="a">(OCoLC)55884736</subfield>
</datafield>
<datafield tag="040" ind1=" " ind2=" ">
  <subfield code="a">ABA001</subfield>
  <subfield code="b">cze</subfield>
</datafield>
<datafield tag="041" ind1="0" ind2=" ">
  <subfield code="a">cze</subfield>
  <subfield code="a">ger</subfield>
</datafield>
<datafield tag="045" ind1=" " ind2=" ">
  <subfield code="a">w8x2</subfield>
</datafield>
<datafield tag="072" ind1=" " ind2="7">
  <subfield code="a">81</subfield>
  <subfield code="x">Lingvistika. Jazyky</subfield>
  <subfield code="2">Konspekt</subfield>
  <subfield code="9">11</subfield>
</datafield>
<datafield tag="080" ind1=" " ind2=" ">
  <subfield code="a">821.112.2(437.3)-051</subfield>
  <subfield code="2">MRF</subfield>
</datafield>
<datafield tag="080" ind1=" " ind2=" ">
  <subfield code="a">821(=411.16)-051</subfield>
  <subfield code="2">MRF</subfield>
</datafield>
<datafield tag="080" ind1=" " ind2=" ">
  <subfield code="a">81&apos;246.2</subfield>
  <subfield code="2">MRF</subfield>
</datafield>
<datafield tag="080" ind1=" " ind2=" ">
  <subfield code="a">81&apos;42</subfield>
  <subfield code="2">MRF</subfield>
</datafield>
<datafield tag="080" ind1=" " ind2=" ">
  <subfield code="a">316.347</subfield>
  <subfield code="2">MRF</subfield>
</datafield>
<datafield tag="080" ind1=" " ind2=" ">
  <subfield code="a">(048.8)</subfield>
  <subfield code="2">MRF</subfield>
</datafield>
<datafield tag="100" ind1="1" ind2=" ">
  <subfield code="7">cbvk_us_auth*m0114056</subfield>
  <subfield code="a">Nekula, Marek,</subfield>
  <subfield code="d">1965-</subfield>
  <subfield code="4">aut</subfield>
</datafield>
<datafield tag="245" ind1="1" ind2="0">
  <subfield code="a">&quot;-v jednom poschodí vnitřní babylonské věže-&quot; :</subfield>
  <subfield code="b">(jazyky Franze Kafky) /</subfield>
  <subfield code="c">Marek Nekula</subfield>
</datafield>
<datafield tag="246" ind1="3" ind2="3">
  <subfield code="a">Jazyky Franze Kafky</subfield>
</datafield>
<datafield tag="250" ind1=" " ind2=" ">
  <subfield code="a">Vyd. 1.</subfield>
</datafield>
<datafield tag="260" ind1=" " ind2=" ">
  <subfield code="a">V Praze :</subfield>
  <subfield code="b">Nakladatelství Franze Kafky,</subfield>
  <subfield code="c">2003</subfield>
</datafield>
<datafield tag="300" ind1=" " ind2=" ">
  <subfield code="a">627 s. :</subfield>
  <subfield code="b">faksim. ;</subfield>
  <subfield code="c">21 cm</subfield>
</datafield>
<datafield tag="500" ind1=" " ind2=" ">
  <subfield code="a">Část. německý text</subfield>
</datafield>
<datafield tag="504" ind1=" " ind2=" ">
  <subfield code="a">Obsahuje bibliografii a bibliografické odkazy</subfield>
</datafield>
<datafield tag="520" ind1="3" ind2=" ">
  <subfield code="a">Publikace: „...v jednom poschodí vnitřní babylonské věže...“ / Jazyky Franze Kafky - Marek Nekula. Publikace přináší historicky první vydání faksimile Kafkových autentickýchčesky psaných textů, jež byly dosud neznámé a nedostupné. Dokumentydoprovází odborná studie o Kafkových vztazích k českému prostředí, o jehojazykové kompetenci v rodině, při studiu a v zaměstnání. Kniha je zásadnímčeským příspěvkem nejen ke světové &quot; kafkologii &quot;, ale také k problematicečesko - německých vztahů na přelomu 19. a 20. století. Publikace: „...v jednom poschodí vnitřní babylonské věže...“ / Jazyky Franze Kafky - Marek Nekula.</subfield>
  <subfield code="c">okcz</subfield>
  <subfield code="u">https://www.obalkyknih.cz/view?isbn=9788085844870</subfield>
  <subfield code="2">Zbozi.cz</subfield>
</datafield>
<datafield tag="600" ind1="1" ind2="7">
  <subfield code="7">cbvk_us_auth*m0072866</subfield>
  <subfield code="a">Kafka, Franz,</subfield>
  <subfield code="d">1883-1924</subfield>
  <subfield code="2">czenas</subfield>
</datafield>
<datafield tag="648" ind1=" " ind2="7">
  <subfield code="7">cbvk_us_auth*k0000203</subfield>
  <subfield code="a">19.-20. století</subfield>
  <subfield code="2">czenas</subfield>
</datafield>
<datafield tag="648" ind1=" " ind2="7">
  <subfield code="7">cbvk_us_auth*0125166</subfield>
  <subfield code="a">1883-1924</subfield>
  <subfield code="2">czenas</subfield>
</datafield>
<datafield tag="650" ind1="0" ind2="7">
  <subfield code="7">cbvk_us_auth*v0017620</subfield>
  <subfield code="a">pražští němečtí spisovatelé</subfield>
  <subfield code="y">19.-20. století</subfield>
  <subfield code="2">czenas</subfield>
</datafield>
<datafield tag="650" ind1="0" ind2="7">
  <subfield code="7">cbvk_us_auth*v0026341</subfield>
  <subfield code="a">židovští spisovatelé</subfield>
  <subfield code="y">19.-20. století</subfield>
  <subfield code="2">czenas</subfield>
</datafield>
<datafield tag="650" ind1="0" ind2="7">
  <subfield code="7">cbvk_us_auth*v0001829</subfield>
  <subfield code="a">bilingvismus</subfield>
  <subfield code="2">czenas</subfield>
</datafield>
<datafield tag="650" ind1="0" ind2="7">
  <subfield code="7">cbvk_us_auth*v0008775</subfield>
  <subfield code="a">jazykový projev</subfield>
  <subfield code="2">czenas</subfield>
</datafield>
<datafield tag="650" ind1="0" ind2="7">
  <subfield code="7">cbvk_us_auth*v0013911</subfield>
  <subfield code="a">národní identita</subfield>
  <subfield code="2">czenas</subfield>
</datafield>
<datafield tag="655" ind1=" " ind2="7">
  <subfield code="7">cbvk_us_auth*f0001202</subfield>
  <subfield code="a">studie</subfield>
  <subfield code="2">czenas</subfield>
</datafield>
<datafield tag="852" ind1=" " ind2=" ">
  <subfield code="b">N</subfield>
  <subfield code="c">821.112.2</subfield>
</datafield>
<datafield tag="856" ind1="4" ind2="1">
  <subfield code="u">http://krameriusndk.nkp.cz/search/handle/uuid:abe723b0-1677-11e6-853f-005056827e52</subfield>
  <subfield code="y">Digitalizovaný dokument</subfield>
</datafield>
<datafield tag="856" ind1="4" ind2="1">
  <subfield code="u">https://ndk.cz/uuid/uuid:abe723b0-1677-11e6-853f-005056827e52</subfield>
  <subfield code="y">Digitalizovaný dokument</subfield>
  <subfield code="3">DNNT</subfield>
</datafield>
<datafield tag="887" ind1=" " ind2=" ">
  <subfield code="a">04/004</subfield>
</datafield>
<datafield tag="910" ind1=" " ind2=" ">
  <subfield code="a">CBA001</subfield>
</datafield>
<datafield tag="969" ind1=" " ind2=" ">
  <subfield code="f">N</subfield>
</datafield>
<datafield tag="970" ind1=" " ind2=" ">
  <subfield code="b">AMG</subfield>
</datafield>
<datafield tag="999" ind1=" " ind2=" ">
  <subfield code="a">15</subfield>
  <subfield code="b">CBVK</subfield>
  <subfield code="c">CBVK</subfield>
  <subfield code="d">CBA001/Rou-20040405#..#sys-20090125-11473933#sys-20100126#mk-20121010-35929174#i2.okx.sync-20171205-76021860#i2.okx.sync-20180202-78892283#i2.okx.sync-20180213-79593620#mk-20200917-112267442#i2.okx.sync-20200930-112733670#sys-20210208-115680245</subfield>
</datafield>
<datafield tag="C99" ind1=" " ind2=" ">
  <subfield code="a">cpk20041306543</subfield>
  <subfield code="d">DFLT_US_CAT_BK_A</subfield>
</datafield>
</record>