
<record>
<leader>00000nam-a22     3a-4500</leader>
<controlfield tag="001">m0000239</controlfield>
<controlfield tag="003">CZ-CbJVK</controlfield>
<controlfield tag="005">20210208180001.3</controlfield>
<controlfield tag="007">ta</controlfield>
<controlfield tag="008">931001s1992----xr-                 cze-|</controlfield>
<datafield tag="015" ind1=" " ind2=" ">
  <subfield code="a">cnb000071715</subfield>
</datafield>
<datafield tag="020" ind1=" " ind2=" ">
  <subfield code="a">80-900199-5-1</subfield>
</datafield>
<datafield tag="035" ind1=" " ind2=" ">
  <subfield code="a">(OCoLC)85686114</subfield>
</datafield>
<datafield tag="040" ind1=" " ind2=" ">
  <subfield code="a">ABA001</subfield>
  <subfield code="b">cze</subfield>
</datafield>
<datafield tag="080" ind1=" " ind2=" ">
  <subfield code="a">23</subfield>
  <subfield code="2">MRF</subfield>
</datafield>
<datafield tag="080" ind1=" " ind2=" ">
  <subfield code="a">796.4</subfield>
  <subfield code="2">MRF</subfield>
</datafield>
<datafield tag="100" ind1="0" ind2=" ">
  <subfield code="a">Sivananda,</subfield>
  <subfield code="c">Swami,</subfield>
  <subfield code="d">1887-1963</subfield>
  <subfield code="4">aut</subfield>
  <subfield code="7">cbvk_us_auth*m0147874</subfield>
</datafield>
<datafield tag="245" ind1="1" ind2="0">
  <subfield code="a">1. výbor z díla mistra Srí swami Šivanandy :</subfield>
  <subfield code="b">14 lekcí Radža jogy : mistr Patandžáli : kontrola sexuálních sil</subfield>
</datafield>
<datafield tag="250" ind1=" " ind2=" ">
  <subfield code="a">1. vyd.</subfield>
</datafield>
<datafield tag="260" ind1=" " ind2=" ">
  <subfield code="a">Brno :</subfield>
  <subfield code="b">Svatá Mahatma,</subfield>
  <subfield code="c">1992</subfield>
</datafield>
<datafield tag="300" ind1=" " ind2=" ">
  <subfield code="a">143 s. ;</subfield>
  <subfield code="c">21 cm</subfield>
</datafield>
<datafield tag="490" ind1="1" ind2=" ">
  <subfield code="a">Lotosový květ</subfield>
</datafield>
<datafield tag="650" ind1=" " ind2="7">
  <subfield code="7">cbvk_us_auth*v0008948</subfield>
  <subfield code="a">jóga</subfield>
  <subfield code="2">czenas</subfield>
</datafield>
<datafield tag="655" ind1=" " ind2="7">
  <subfield code="a">příručky</subfield>
  <subfield code="2">czenas</subfield>
  <subfield code="7">cbvk_us_auth*f0000989</subfield>
</datafield>
<datafield tag="830" ind1=" " ind2="0">
  <subfield code="a">Lotosový květ</subfield>
  <subfield code="7">cbvk_us_auth*0066530</subfield>
</datafield>
<datafield tag="852" ind1=" " ind2=" ">
  <subfield code="c">796.41_Jóga</subfield>
  <subfield code="b">N</subfield>
</datafield>
<datafield tag="856" ind1="4" ind2="1">
  <subfield code="u">https://ndk.cz/uuid/uuid:6b7c6e20-55c2-11e3-ac69-005056827e51</subfield>
  <subfield code="y">Digitalizovaný dokument</subfield>
  <subfield code="3">DNNT</subfield>
</datafield>
<datafield tag="910" ind1=" " ind2=" ">
  <subfield code="a">CBA001</subfield>
</datafield>
<datafield tag="964" ind1=" " ind2=" ">
  <subfield code="a">Jóga - radžajóga - příručky</subfield>
</datafield>
<datafield tag="964" ind1=" " ind2=" ">
  <subfield code="a">Radžajóga - příručky</subfield>
</datafield>
<datafield tag="969" ind1=" " ind2=" ">
  <subfield code="f">N</subfield>
  <subfield code="g">20190905</subfield>
</datafield>
<datafield tag="970" ind1=" " ind2=" ">
  <subfield code="b">AMG</subfield>
</datafield>
<datafield tag="981" ind1=" " ind2=" ">
  <subfield code="b">85.00</subfield>
</datafield>
<datafield tag="999" ind1=" " ind2=" ">
  <subfield code="a">9</subfield>
  <subfield code="b">CBVK</subfield>
  <subfield code="c">CBVK</subfield>
  <subfield code="d">ABA001-19931001#mh-20070910-4197409#sys-20070911#sys-20090125-11474019#sys-20100126#sys-20100520#mk-20190905-99441480#sys-20210208-115694184</subfield>
</datafield>
<datafield tag="C72" ind1=" " ind2=" ">
  <subfield code="a">796</subfield>
  <subfield code="9">20</subfield>
  <subfield code="x">Sport. Hry. Tělesná cvičení</subfield>
</datafield>
<datafield tag="C99" ind1=" " ind2=" ">
  <subfield code="d">DFLT_US_CAT_BK_A</subfield>
  <subfield code="a">m0000239</subfield>
</datafield>
</record>