
<record>
<leader>00000nam-a22     3a-4500</leader>
<controlfield tag="001">m0000247</controlfield>
<controlfield tag="003">CZ-CbJVK</controlfield>
<controlfield tag="005">20201109001906.6</controlfield>
<controlfield tag="007">ta</controlfield>
<controlfield tag="008">060620s2005----xr-                 cze-|</controlfield>
<datafield tag="015" ind1=" " ind2=" ">
  <subfield code="a">cnb001579564</subfield>
</datafield>
<datafield tag="020" ind1=" " ind2=" ">
  <subfield code="a">80-903653-2-9</subfield>
</datafield>
<datafield tag="035" ind1=" " ind2=" ">
  <subfield code="a">(OCoLC)85161303</subfield>
</datafield>
<datafield tag="040" ind1=" " ind2=" ">
  <subfield code="a">BOA001</subfield>
  <subfield code="b">cze</subfield>
</datafield>
<datafield tag="041" ind1="1" ind2=" ">
  <subfield code="a">cze</subfield>
  <subfield code="h">slo</subfield>
</datafield>
<datafield tag="072" ind1=" " ind2="7">
  <subfield code="a">51</subfield>
  <subfield code="x">Matematika</subfield>
  <subfield code="9">13</subfield>
  <subfield code="2">Konspekt</subfield>
</datafield>
<datafield tag="072" ind1=" " ind2="7">
  <subfield code="a">0/9-053.2</subfield>
  <subfield code="x">Literatura pro děti a mládež (naučná)</subfield>
  <subfield code="9">26</subfield>
  <subfield code="2">Konspekt</subfield>
</datafield>
<datafield tag="080" ind1=" " ind2=" ">
  <subfield code="a">(0.053.2)</subfield>
  <subfield code="2">MRF</subfield>
</datafield>
<datafield tag="080" ind1=" " ind2=" ">
  <subfield code="a">373.2</subfield>
  <subfield code="2">MRF</subfield>
</datafield>
<datafield tag="080" ind1=" " ind2=" ">
  <subfield code="a">51</subfield>
  <subfield code="2">MRF</subfield>
</datafield>
<datafield tag="100" ind1="1" ind2=" ">
  <subfield code="a">Paľo, Ľuboslav</subfield>
  <subfield code="4">aut</subfield>
  <subfield code="7">cbvk_us_auth*m0121539</subfield>
</datafield>
<datafield tag="245" ind1="1" ind2="0">
  <subfield code="a">1+1=2 :</subfield>
  <subfield code="b">veselé počítání se zvířátky /</subfield>
  <subfield code="c">napsal a ilustroval Ľuboslav Paľo ; [z originálu ... přeložila Mirka Mutinská]</subfield>
</datafield>
<datafield tag="260" ind1=" " ind2=" ">
  <subfield code="a">Praha :</subfield>
  <subfield code="b">Thovt,</subfield>
  <subfield code="c">c2005</subfield>
</datafield>
<datafield tag="300" ind1=" " ind2=" ">
  <subfield code="a">[25] s. :</subfield>
  <subfield code="b">barev. il. ;</subfield>
  <subfield code="c">30 cm +</subfield>
  <subfield code="e">omalovánky (1 l.) + plakát (55 x 38 cm)</subfield>
</datafield>
<datafield tag="500" ind1=" " ind2=" ">
  <subfield code="a">Přeloženo ze slovenštiny</subfield>
</datafield>
<datafield tag="520" ind1="3" ind2=" ">
  <subfield code="a">Gogo má narozeniny. Kolik přátel přijde na jeho oslavu? Tygr, klokan, pan nosorožec s paní nosorožcovou, krokodýl, slon, myška a možná i mnoho dalších… Kolik kousků dortu má Gogo nakrájet? Pojď si vesele započítat se zvířátky!  </subfield>
  <subfield code="c">okcz</subfield>
  <subfield code="u">https://www.obalkyknih.cz/view?isbn=9788090365322</subfield>
  <subfield code="2">Web obalkyknih.cz</subfield>
</datafield>
<datafield tag="650" ind1=" " ind2="7">
  <subfield code="7">cbvk_us_auth*v0012261</subfield>
  <subfield code="a">matematika</subfield>
  <subfield code="2">czenas</subfield>
</datafield>
<datafield tag="650" ind1=" " ind2="7">
  <subfield code="7">cbvk_us_auth*v0018030</subfield>
  <subfield code="a">předškolní výchova</subfield>
  <subfield code="2">czenas</subfield>
</datafield>
<datafield tag="650" ind1="0" ind2="7">
  <subfield code="7">cbvk_us_auth*v0003506</subfield>
  <subfield code="a">děti předškolního věku</subfield>
  <subfield code="2">czenas</subfield>
</datafield>
<datafield tag="655" ind1=" " ind2="7">
  <subfield code="a">příručky</subfield>
  <subfield code="2">czenas</subfield>
  <subfield code="7">cbvk_us_auth*f0000989</subfield>
</datafield>
<datafield tag="655" ind1=" " ind2="7">
  <subfield code="a">publikace pro děti</subfield>
  <subfield code="2">czenas</subfield>
  <subfield code="7">cbvk_us_auth*f0001000</subfield>
</datafield>
<datafield tag="700" ind1="1" ind2=" ">
  <subfield code="a">Mutinská, Mirka</subfield>
  <subfield code="4">trl</subfield>
  <subfield code="7">cbvk_us_auth*m0112081</subfield>
</datafield>
<datafield tag="765" ind1="0" ind2=" ">
  <subfield code="t">1+1=2</subfield>
  <subfield code="9">Česky</subfield>
</datafield>
<datafield tag="852" ind1=" " ind2=" ">
  <subfield code="c">51</subfield>
  <subfield code="b">MN</subfield>
</datafield>
<datafield tag="887" ind1=" " ind2=" ">
  <subfield code="a">06/008</subfield>
</datafield>
<datafield tag="910" ind1=" " ind2=" ">
  <subfield code="a">CBA001</subfield>
</datafield>
<datafield tag="969" ind1=" " ind2=" ">
  <subfield code="f">N</subfield>
  <subfield code="g">20190927</subfield>
</datafield>
<datafield tag="970" ind1=" " ind2=" ">
  <subfield code="b">AMG</subfield>
</datafield>
<datafield tag="981" ind1=" " ind2=" ">
  <subfield code="b">190.00</subfield>
</datafield>
<datafield tag="999" ind1=" " ind2=" ">
  <subfield code="a">1151</subfield>
  <subfield code="b">CBVK</subfield>
  <subfield code="c">CBVK</subfield>
  <subfield code="d">BOA001-20060620#..#i2.okx.sync-20201102-113737498#i2.okx.sync-20201103-113753315#i2.okx.sync-20201104-113767166#i2.okx.sync-20201105-113784596#i2.okx.sync-20201106-113802693#i2.okx.sync-20201107-113824762#i2.okx.sync-20201108-113839994#i2.okx.sync-20201109-113858467</subfield>
</datafield>
<datafield tag="C99" ind1=" " ind2=" ">
  <subfield code="d">DFLT_US_CAT_BK_A</subfield>
</datafield>
</record>