
<record>
<leader>00000ncm-a22     3i-4500</leader>
<controlfield tag="001">m0000257</controlfield>
<controlfield tag="003">CZ-CbJVK</controlfield>
<controlfield tag="005">20181208205517.6</controlfield>
<controlfield tag="007">qu</controlfield>
<controlfield tag="008">031010t19801980hu-zza-g------------zxx-d</controlfield>
<datafield tag="028" ind1="2" ind2="1">
  <subfield code="a">Z. 12 315</subfield>
  <subfield code="b">Editio Musica Budapest</subfield>
</datafield>
<datafield tag="040" ind1=" " ind2=" ">
  <subfield code="a">CBA001</subfield>
  <subfield code="b">cze</subfield>
  <subfield code="e">rda</subfield>
</datafield>
<datafield tag="041" ind1="0" ind2=" ">
  <subfield code="g">fre</subfield>
  <subfield code="g">ger</subfield>
</datafield>
<datafield tag="043" ind1=" " ind2=" ">
  <subfield code="a">e-hu---</subfield>
</datafield>
<datafield tag="045" ind1=" " ind2=" ">
  <subfield code="a">w1w8</subfield>
</datafield>
<datafield tag="072" ind1=" " ind2="7">
  <subfield code="a">786</subfield>
  <subfield code="x">Hudba pro klávesové nástroje</subfield>
  <subfield code="9">9</subfield>
  <subfield code="2">Konspekt</subfield>
</datafield>
<datafield tag="080" ind1=" " ind2=" ">
  <subfield code="a">(439)</subfield>
  <subfield code="2">MRF</subfield>
</datafield>
<datafield tag="080" ind1=" " ind2=" ">
  <subfield code="a">786.2:784.69</subfield>
  <subfield code="2">MRF</subfield>
</datafield>
<datafield tag="080" ind1=" " ind2=" ">
  <subfield code="a">78.089.6</subfield>
  <subfield code="2">MRF</subfield>
</datafield>
<datafield tag="100" ind1="1" ind2=" ">
  <subfield code="a">Liszt, Ferenc,</subfield>
  <subfield code="d">1811-1886</subfield>
  <subfield code="4">cmp</subfield>
  <subfield code="7">cbvk_us_auth*m0095679</subfield>
</datafield>
<datafield tag="245" ind1="1" ind2="0">
  <subfield code="a">1re élégie für Klavier ;</subfield>
  <subfield code="b">Zweite Elegie für Klavier /</subfield>
  <subfield code="c">Franz Liszt ; herausgegebn von Imre Sulyok, Imre Mezö</subfield>
</datafield>
<datafield tag="264" ind1=" " ind2="1">
  <subfield code="a">Budapest :</subfield>
  <subfield code="b">Editio Musica Budapest,</subfield>
  <subfield code="c">[1980]</subfield>
</datafield>
<datafield tag="264" ind1=" " ind2="4">
  <subfield code="c">©1980</subfield>
</datafield>
<datafield tag="300" ind1=" " ind2=" ">
  <subfield code="a">1 partitura (10 stran)</subfield>
</datafield>
<datafield tag="336" ind1=" " ind2=" ">
  <subfield code="a">zápis hudby</subfield>
  <subfield code="b">ntm</subfield>
  <subfield code="2">rdacontent</subfield>
</datafield>
<datafield tag="337" ind1=" " ind2=" ">
  <subfield code="a">bez média</subfield>
  <subfield code="b">n</subfield>
  <subfield code="2">rdamedia</subfield>
</datafield>
<datafield tag="338" ind1=" " ind2=" ">
  <subfield code="a">svazek</subfield>
  <subfield code="b">nc</subfield>
  <subfield code="2">rdacarrier</subfield>
</datafield>
<datafield tag="382" ind1="0" ind2="1">
  <subfield code="7">cbvk_us_auth*0172268</subfield>
  <subfield code="a">klavír</subfield>
  <subfield code="n">1</subfield>
  <subfield code="s">1</subfield>
</datafield>
<datafield tag="648" ind1=" " ind2="7">
  <subfield code="7">cbvk_us_auth*k0000207</subfield>
  <subfield code="a">19. století</subfield>
  <subfield code="2">czenas</subfield>
</datafield>
<datafield tag="650" ind1="0" ind2="7">
  <subfield code="7">cbvk_us_auth*v0004677</subfield>
  <subfield code="a">elegie (klavír)</subfield>
  <subfield code="z">Maďarsko</subfield>
  <subfield code="y">19. století</subfield>
  <subfield code="2">czenas</subfield>
</datafield>
<datafield tag="655" ind1=" " ind2="7">
  <subfield code="7">cbvk_us_auth*f0000869</subfield>
  <subfield code="a">partitury pro sólový nástroj</subfield>
  <subfield code="2">czenas</subfield>
</datafield>
<datafield tag="700" ind1="1" ind2=" ">
  <subfield code="7">cbvk_us_auth*0252694</subfield>
  <subfield code="a">Sulyok, Imre,</subfield>
  <subfield code="d">1912-2008</subfield>
  <subfield code="4">edt</subfield>
</datafield>
<datafield tag="700" ind1="1" ind2=" ">
  <subfield code="7">cbvk_us_auth*0252695</subfield>
  <subfield code="a">Mező, Imre,</subfield>
  <subfield code="d">1932-</subfield>
  <subfield code="4">edt</subfield>
</datafield>
<datafield tag="740" ind1="0" ind2="2">
  <subfield code="a">Zweite Elegie für Klavier</subfield>
</datafield>
<datafield tag="910" ind1=" " ind2=" ">
  <subfield code="a">CBA001</subfield>
</datafield>
<datafield tag="928" ind1="9" ind2=" ">
  <subfield code="7">cbvk_us_auth*0186424</subfield>
  <subfield code="a">Editio Musica Budapest</subfield>
  <subfield code="4">pbl</subfield>
</datafield>
<datafield tag="969" ind1=" " ind2=" ">
  <subfield code="g">20181210</subfield>
</datafield>
<datafield tag="970" ind1=" " ind2=" ">
  <subfield code="b">H</subfield>
  <subfield code="k">hud</subfield>
</datafield>
<datafield tag="999" ind1=" " ind2=" ">
  <subfield code="a">7</subfield>
  <subfield code="b">CBVK</subfield>
  <subfield code="c">CBVK</subfield>
  <subfield code="d">CBA001/Nvk-20031010#sys-20090125-11474041#sys-20100126#pe-20180819-86185457#pe-20181128-89865187#pe-20181208-90555675</subfield>
</datafield>
<datafield tag="C67" ind1=" " ind2=" ">
  <subfield code="a">CBA001-m0000257</subfield>
</datafield>
<datafield tag="C99" ind1=" " ind2=" ">
  <subfield code="d">DFLT_US_CAT_MU_C</subfield>
</datafield>
</record>