
<record>
<leader>00000ncm-a22     3i-4500</leader>
<controlfield tag="001">m0000290</controlfield>
<controlfield tag="003">CZ-CbJVK</controlfield>
<controlfield tag="005">20201230234256.6</controlfield>
<controlfield tag="007">qu</controlfield>
<controlfield tag="008">030612s1953----pl-zza-g-------n----zxx-d</controlfield>
<datafield tag="028" ind1="2" ind2="1">
  <subfield code="a">PWM 1151</subfield>
  <subfield code="b">Polskie Wydawnictwo Muzyczne</subfield>
</datafield>
<datafield tag="040" ind1=" " ind2=" ">
  <subfield code="a">CBA001</subfield>
  <subfield code="b">cze</subfield>
  <subfield code="e">rda</subfield>
</datafield>
<datafield tag="043" ind1=" " ind2=" ">
  <subfield code="a">e-pl---</subfield>
</datafield>
<datafield tag="044" ind1=" " ind2=" ">
  <subfield code="a">pl</subfield>
</datafield>
<datafield tag="045" ind1=" " ind2=" ">
  <subfield code="a">w5w8</subfield>
</datafield>
<datafield tag="072" ind1=" " ind2="7">
  <subfield code="a">786</subfield>
  <subfield code="x">Hudba pro klávesové nástroje</subfield>
  <subfield code="9">9</subfield>
  <subfield code="2">Konspekt</subfield>
</datafield>
<datafield tag="080" ind1=" " ind2=" ">
  <subfield code="a">(438)</subfield>
  <subfield code="2">MRF</subfield>
</datafield>
<datafield tag="080" ind1=" " ind2=" ">
  <subfield code="a">78.083.7</subfield>
  <subfield code="2">MRF</subfield>
</datafield>
<datafield tag="080" ind1=" " ind2=" ">
  <subfield code="a">78.089.6</subfield>
  <subfield code="2">MRF</subfield>
</datafield>
<datafield tag="100" ind1="1" ind2=" ">
  <subfield code="7">cbvk_us_auth*m0187001</subfield>
  <subfield code="a">Zarębski, Juliusz,</subfield>
  <subfield code="d">1854-1885</subfield>
  <subfield code="4">cmp</subfield>
</datafield>
<datafield tag="245" ind1="1" ind2="0">
  <subfield code="a">2 etiudy koncertowe :</subfield>
  <subfield code="b">z op. 7 3 etiudy koncertowe : na fortepian /</subfield>
  <subfield code="c">Julius Zarebski ; opracowała Maria Wiłkomirska</subfield>
</datafield>
<datafield tag="250" ind1=" " ind2=" ">
  <subfield code="a">Wydanie 1.</subfield>
</datafield>
<datafield tag="264" ind1=" " ind2="1">
  <subfield code="a">Kraków :</subfield>
  <subfield code="b">Polskie Wydawnictwo Muzyczne,</subfield>
  <subfield code="c">1953</subfield>
</datafield>
<datafield tag="300" ind1=" " ind2=" ">
  <subfield code="a">1 partitura (21 stran)</subfield>
</datafield>
<datafield tag="336" ind1=" " ind2=" ">
  <subfield code="a">zápis hudby</subfield>
  <subfield code="b">ntm</subfield>
  <subfield code="2">rdacontent</subfield>
</datafield>
<datafield tag="337" ind1=" " ind2=" ">
  <subfield code="a">bez média</subfield>
  <subfield code="b">n</subfield>
  <subfield code="2">rdamedia</subfield>
</datafield>
<datafield tag="338" ind1=" " ind2=" ">
  <subfield code="a">svazek</subfield>
  <subfield code="b">nc</subfield>
  <subfield code="2">rdacarrier</subfield>
</datafield>
<datafield tag="382" ind1="0" ind2="1">
  <subfield code="7">cbvk_us_auth*0172268</subfield>
  <subfield code="a">klavír</subfield>
  <subfield code="n">1</subfield>
  <subfield code="s">1</subfield>
</datafield>
<datafield tag="648" ind1=" " ind2="7">
  <subfield code="7">cbvk_us_auth*k0000207</subfield>
  <subfield code="a">19. století</subfield>
  <subfield code="2">czenas</subfield>
</datafield>
<datafield tag="650" ind1=" " ind2="7">
  <subfield code="7">cbvk_us_auth*0117650</subfield>
  <subfield code="a">koncertní etudy</subfield>
  <subfield code="2">czenas</subfield>
  <subfield code="z">Polsko</subfield>
  <subfield code="y">19. století</subfield>
</datafield>
<datafield tag="655" ind1=" " ind2="7">
  <subfield code="7">cbvk_us_auth*f0000869</subfield>
  <subfield code="a">partitury pro sólový nástroj</subfield>
  <subfield code="2">czenas</subfield>
</datafield>
<datafield tag="887" ind1=" " ind2=" ">
  <subfield code="a">VISK5</subfield>
</datafield>
<datafield tag="910" ind1=" " ind2=" ">
  <subfield code="a">CBA001</subfield>
</datafield>
<datafield tag="928" ind1="9" ind2=" ">
  <subfield code="7">cbvk_us_auth*p0016421</subfield>
  <subfield code="a">Polskie Wydawnictwo Muzyczne</subfield>
  <subfield code="4">pbl</subfield>
</datafield>
<datafield tag="969" ind1=" " ind2=" ">
  <subfield code="g">20201231</subfield>
</datafield>
<datafield tag="970" ind1=" " ind2=" ">
  <subfield code="b">H</subfield>
  <subfield code="k">hud</subfield>
</datafield>
<datafield tag="999" ind1=" " ind2=" ">
  <subfield code="a">7</subfield>
  <subfield code="b">CBVK</subfield>
  <subfield code="c">CBVK</subfield>
  <subfield code="d">CBA001/Nvk-20030612#sys-20090125-11474081#sys-20100126#be-20130618-42117038#pe-20201005-112961990#pe-20201230-114609124</subfield>
</datafield>
<datafield tag="C67" ind1=" " ind2=" ">
  <subfield code="a">CBA001-m0000290</subfield>
</datafield>
<datafield tag="C99" ind1=" " ind2=" ">
  <subfield code="d">DFLT_US_CAT_MU_C</subfield>
</datafield>
</record>