
<record>
<leader>00000nam-a22     3a-4500</leader>
<controlfield tag="001">m0000299</controlfield>
<controlfield tag="003">CZ-CbJVK</controlfield>
<controlfield tag="005">20210208161353.6</controlfield>
<controlfield tag="007">ta</controlfield>
<controlfield tag="008">971204s1991----xr-                 cze-|</controlfield>
<datafield tag="015" ind1=" " ind2=" ">
  <subfield code="a">cnb000071094</subfield>
</datafield>
<datafield tag="020" ind1=" " ind2=" ">
  <subfield code="a">80-85465-02-7</subfield>
</datafield>
<datafield tag="035" ind1=" " ind2=" ">
  <subfield code="a">(OCoLC)26648335</subfield>
</datafield>
<datafield tag="040" ind1=" " ind2=" ">
  <subfield code="a">CBA001</subfield>
  <subfield code="b">cze</subfield>
</datafield>
<datafield tag="080" ind1=" " ind2=" ">
  <subfield code="a">791.6-05</subfield>
  <subfield code="2">MRF</subfield>
</datafield>
<datafield tag="080" ind1=" " ind2=" ">
  <subfield code="a">792.07</subfield>
  <subfield code="2">MRF</subfield>
</datafield>
<datafield tag="080" ind1=" " ind2=" ">
  <subfield code="a">929</subfield>
  <subfield code="2">MRF</subfield>
</datafield>
<datafield tag="100" ind1="1" ind2=" ">
  <subfield code="7">cbvk_us_auth*m0149711</subfield>
  <subfield code="a">Smetana, Miloš,</subfield>
  <subfield code="d">1932-2009</subfield>
  <subfield code="4">aut</subfield>
</datafield>
<datafield tag="245" ind1="1" ind2="0">
  <subfield code="a">2 kariéry Jana Třísky :</subfield>
  <subfield code="b">Praha - Hollywood</subfield>
</datafield>
<datafield tag="246" ind1="3" ind2=" ">
  <subfield code="a">Dvě kariéry Jana Třísky :</subfield>
  <subfield code="b">Praha - Hollywood</subfield>
</datafield>
<datafield tag="250" ind1=" " ind2=" ">
  <subfield code="a">Vyd. 1.</subfield>
</datafield>
<datafield tag="260" ind1=" " ind2=" ">
  <subfield code="a">Praha :</subfield>
  <subfield code="b">INTERPRESS,</subfield>
  <subfield code="c">1991</subfield>
</datafield>
<datafield tag="300" ind1=" " ind2=" ">
  <subfield code="a">127 s. :</subfield>
  <subfield code="b">il.</subfield>
</datafield>
<datafield tag="600" ind1="1" ind2="4">
  <subfield code="7">cbvk_us_auth*m0169709</subfield>
  <subfield code="a">Tříska, Jan,</subfield>
  <subfield code="d">1936-2017</subfield>
</datafield>
<datafield tag="650" ind1=" " ind2="7">
  <subfield code="7">cbvk_us_auth*v0003874</subfield>
  <subfield code="a">divadlo</subfield>
  <subfield code="2">czenas</subfield>
</datafield>
<datafield tag="650" ind1=" " ind2="7">
  <subfield code="7">cbvk_us_auth*v0005519</subfield>
  <subfield code="a">film</subfield>
  <subfield code="2">czenas</subfield>
</datafield>
<datafield tag="650" ind1=" " ind2="7">
  <subfield code="7">cbvk_us_auth*v0006749</subfield>
  <subfield code="a">herci</subfield>
  <subfield code="2">czenas</subfield>
</datafield>
<datafield tag="650" ind1=" " ind2="7">
  <subfield code="7">cbvk_us_auth*v0015543</subfield>
  <subfield code="a">osobnosti</subfield>
  <subfield code="2">czenas</subfield>
</datafield>
<datafield tag="655" ind1=" " ind2="7">
  <subfield code="7">cbvk_us_auth*f0000156</subfield>
  <subfield code="a">biografie</subfield>
  <subfield code="2">czenas</subfield>
</datafield>
<datafield tag="852" ind1=" " ind2=" ">
  <subfield code="c">791/792.071_Herci,_herečky</subfield>
  <subfield code="b">N</subfield>
</datafield>
<datafield tag="856" ind1="4" ind2="1">
  <subfield code="u">https://ndk.cz/uuid/uuid:de5de1e0-3f7e-11e2-9b88-005056827e51</subfield>
  <subfield code="y">Digitalizovaný dokument</subfield>
  <subfield code="3">DNNT</subfield>
</datafield>
<datafield tag="887" ind1=" " ind2=" ">
  <subfield code="a">KOLD_2021</subfield>
</datafield>
<datafield tag="910" ind1=" " ind2=" ">
  <subfield code="a">CBA001</subfield>
</datafield>
<datafield tag="964" ind1=" " ind2=" ">
  <subfield code="a">Tříska, Jan, 1936- - život a činnost - vzpomínky</subfield>
</datafield>
<datafield tag="969" ind1=" " ind2=" ">
  <subfield code="f">R</subfield>
  <subfield code="f">N</subfield>
  <subfield code="g">20100126</subfield>
</datafield>
<datafield tag="970" ind1=" " ind2=" ">
  <subfield code="b">AMG</subfield>
</datafield>
<datafield tag="999" ind1=" " ind2=" ">
  <subfield code="a">10</subfield>
  <subfield code="b">CBVK</subfield>
  <subfield code="c">CBVK</subfield>
  <subfield code="d">CBA 001/Holc-19971204#sys-20070906#sys-20070910#sys-20070912#sys-20081029#sys-20090125-11474089#sys-20100126#sys-20210208-115628577</subfield>
</datafield>
<datafield tag="C72" ind1=" " ind2=" ">
  <subfield code="a">792</subfield>
  <subfield code="9">3</subfield>
  <subfield code="x">Divadlo. Divadelní představení</subfield>
</datafield>
<datafield tag="C99" ind1=" " ind2=" ">
  <subfield code="d">DFLT_US_CAT_BK_A</subfield>
  <subfield code="a">ck9206459</subfield>
</datafield>
</record>