
<record>
<leader>00000ncm-a22     3i-4500</leader>
<controlfield tag="001">m0000313</controlfield>
<controlfield tag="003">CZ-CbJVK</controlfield>
<controlfield tag="005">20201230224047.5</controlfield>
<controlfield tag="007">qu</controlfield>
<controlfield tag="008">030610t19691963pl-zzafg-------n----lat-d</controlfield>
<datafield tag="028" ind1="2" ind2="1">
  <subfield code="a">PWM 5074</subfield>
  <subfield code="b">Polskie Wydawnictwo Muzyczne</subfield>
</datafield>
<datafield tag="040" ind1=" " ind2=" ">
  <subfield code="a">CBA001</subfield>
  <subfield code="b">cze</subfield>
  <subfield code="e">rda</subfield>
</datafield>
<datafield tag="041" ind1="0" ind2=" ">
  <subfield code="a">lat</subfield>
  <subfield code="g">ger</subfield>
  <subfield code="g">pol</subfield>
  <subfield code="g">rus</subfield>
</datafield>
<datafield tag="043" ind1=" " ind2=" ">
  <subfield code="a">e-pl---</subfield>
</datafield>
<datafield tag="044" ind1=" " ind2=" ">
  <subfield code="a">pl</subfield>
</datafield>
<datafield tag="045" ind1=" " ind2=" ">
  <subfield code="a">u-u7</subfield>
</datafield>
<datafield tag="072" ind1=" " ind2="7">
  <subfield code="a">783</subfield>
  <subfield code="x">Církevní hudba. Duchovní hudba. Náboženská hudba</subfield>
  <subfield code="9">9</subfield>
  <subfield code="2">Konspekt</subfield>
</datafield>
<datafield tag="080" ind1=" " ind2=" ">
  <subfield code="a">(438)</subfield>
  <subfield code="2">MRF</subfield>
</datafield>
<datafield tag="080" ind1=" " ind2=" ">
  <subfield code="a">78.089.6.087.6</subfield>
  <subfield code="2">MRF</subfield>
</datafield>
<datafield tag="100" ind1="1" ind2=" ">
  <subfield code="7">cbvk_us_auth*m0124205</subfield>
  <subfield code="a">Pękiel, Bartłomiej,</subfield>
  <subfield code="d">-1670</subfield>
  <subfield code="4">cmp</subfield>
</datafield>
<datafield tag="245" ind1="1" ind2="0">
  <subfield code="a">2 patrem :</subfield>
  <subfield code="b">per chorum quattuor vocum /</subfield>
  <subfield code="c">Bartłomiej Pekiel</subfield>
</datafield>
<datafield tag="250" ind1=" " ind2=" ">
  <subfield code="a">2. wydanie</subfield>
</datafield>
<datafield tag="264" ind1=" " ind2="1">
  <subfield code="a">Kraków :</subfield>
  <subfield code="b">Polskie Wydawnictwo Muzyczne,</subfield>
  <subfield code="c">[1969]</subfield>
</datafield>
<datafield tag="264" ind1=" " ind2="4">
  <subfield code="c">©1963</subfield>
</datafield>
<datafield tag="300" ind1=" " ind2=" ">
  <subfield code="a">1 partitura (19 stran) :</subfield>
  <subfield code="b">il. +</subfield>
  <subfield code="e">1 hlas (5 stran)</subfield>
</datafield>
<datafield tag="336" ind1=" " ind2=" ">
  <subfield code="a">zápis hudby</subfield>
  <subfield code="b">ntm</subfield>
  <subfield code="2">rdacontent</subfield>
</datafield>
<datafield tag="337" ind1=" " ind2=" ">
  <subfield code="a">bez média</subfield>
  <subfield code="b">n</subfield>
  <subfield code="2">rdamedia</subfield>
</datafield>
<datafield tag="338" ind1=" " ind2=" ">
  <subfield code="a">svazek</subfield>
  <subfield code="b">nc</subfield>
  <subfield code="2">rdacarrier</subfield>
</datafield>
<datafield tag="382" ind1="0" ind2="1">
  <subfield code="7">cbvk_us_auth*s0001279</subfield>
  <subfield code="a">smíšený sbor</subfield>
  <subfield code="e">1</subfield>
</datafield>
<datafield tag="490" ind1="1" ind2=" ">
  <subfield code="a">Wydawnictwo dawnej muzyki polskej;</subfield>
  <subfield code="v">52</subfield>
</datafield>
<datafield tag="648" ind1=" " ind2="7">
  <subfield code="7">cbvk_us_auth*k0000185</subfield>
  <subfield code="a">17. století</subfield>
  <subfield code="2">czenas</subfield>
</datafield>
<datafield tag="650" ind1="0" ind2="7">
  <subfield code="7">cbvk_us_auth*v0004325</subfield>
  <subfield code="a">duchovní hudba</subfield>
  <subfield code="2">czenas</subfield>
  <subfield code="z">Polsko</subfield>
  <subfield code="y">17. století</subfield>
</datafield>
<datafield tag="655" ind1=" " ind2="7">
  <subfield code="7">cbvk_us_auth*f0001378</subfield>
  <subfield code="a">vokální partitury</subfield>
  <subfield code="2">czenas</subfield>
</datafield>
<datafield tag="830" ind1=" " ind2="0">
  <subfield code="a">Wydawnictwo dawnej muzyki polskej;</subfield>
  <subfield code="v">52</subfield>
  <subfield code="7">cbvk_us_auth*0066534</subfield>
</datafield>
<datafield tag="887" ind1=" " ind2=" ">
  <subfield code="a">VISK5</subfield>
</datafield>
<datafield tag="910" ind1=" " ind2=" ">
  <subfield code="a">CBA001</subfield>
</datafield>
<datafield tag="928" ind1="9" ind2=" ">
  <subfield code="7">cbvk_us_auth*p0016421</subfield>
  <subfield code="a">Polskie Wydawnictwo Muzyczne</subfield>
  <subfield code="4">pbl</subfield>
</datafield>
<datafield tag="969" ind1=" " ind2=" ">
  <subfield code="g">20201231</subfield>
</datafield>
<datafield tag="970" ind1=" " ind2=" ">
  <subfield code="b">H</subfield>
  <subfield code="k">hud</subfield>
</datafield>
<datafield tag="999" ind1=" " ind2=" ">
  <subfield code="a">8</subfield>
  <subfield code="b">CBVK</subfield>
  <subfield code="c">CBVK</subfield>
  <subfield code="d">CBA001/Nvk-20030610#sys-20090125-11474105#sys-20100126#sys-20100520#arl-20190129-92084015#pe-20201007-113042947#pe-20201230-114609074</subfield>
</datafield>
<datafield tag="C67" ind1=" " ind2=" ">
  <subfield code="a">CBA001-m0000313</subfield>
</datafield>
<datafield tag="C99" ind1=" " ind2=" ">
  <subfield code="d">DFLT_US_CAT_MU_C</subfield>
</datafield>
</record>