
<record>
<leader>00000nam-a22     3a-4500</leader>
<controlfield tag="001">m0000395</controlfield>
<controlfield tag="003">CZ-CbJVK</controlfield>
<controlfield tag="005">20200317003129.6</controlfield>
<controlfield tag="007">ta</controlfield>
<controlfield tag="008">980127s1991----xr-                 cze-|</controlfield>
<datafield tag="015" ind1=" " ind2=" ">
  <subfield code="a">cnb000061814</subfield>
</datafield>
<datafield tag="020" ind1=" " ind2=" ">
  <subfield code="a">80-900093-4-4</subfield>
</datafield>
<datafield tag="035" ind1=" " ind2=" ">
  <subfield code="a">(OCoLC)39599927</subfield>
</datafield>
<datafield tag="040" ind1=" " ind2=" ">
  <subfield code="a">CBA001</subfield>
  <subfield code="b">cze</subfield>
</datafield>
<datafield tag="072" ind1=" " ind2="7">
  <subfield code="a">641</subfield>
  <subfield code="x">Kuchařství. Potraviny. Vařená jídla</subfield>
  <subfield code="9">19</subfield>
  <subfield code="2">Konspekt</subfield>
</datafield>
<datafield tag="080" ind1=" " ind2=" ">
  <subfield code="a">641.56-056.84</subfield>
  <subfield code="2">MRF</subfield>
</datafield>
<datafield tag="080" ind1=" " ind2=" ">
  <subfield code="a">(083.12)</subfield>
  <subfield code="2">MRF</subfield>
</datafield>
<datafield tag="080" ind1=" " ind2=" ">
  <subfield code="a">641/642</subfield>
  <subfield code="2">MRF</subfield>
</datafield>
<datafield tag="100" ind1="1" ind2=" ">
  <subfield code="7">cbvk_us_auth*m0040414</subfield>
  <subfield code="a">Faktor, Viktor,</subfield>
  <subfield code="d">1944-2017</subfield>
  <subfield code="4">aut</subfield>
</datafield>
<datafield tag="245" ind1="1" ind2="0">
  <subfield code="a">2x365 vegetariánských omáček, studených polévek, pomazánek, majonéz, zálivek a krémů</subfield>
</datafield>
<datafield tag="250" ind1=" " ind2=" ">
  <subfield code="a">Vyd. 1.</subfield>
</datafield>
<datafield tag="260" ind1=" " ind2=" ">
  <subfield code="a">Praha :</subfield>
  <subfield code="b">Fokus,</subfield>
  <subfield code="c">1991</subfield>
</datafield>
<datafield tag="300" ind1=" " ind2=" ">
  <subfield code="a">182 s., [16] s. barev. fot.</subfield>
</datafield>
<datafield tag="520" ind1="3" ind2=" ">
  <subfield code="a">Lákavá kuchařka, v níž jsou jednotlivá jídla řazena abecedně.</subfield>
  <subfield code="c">okcz</subfield>
  <subfield code="u">https://www.obalkyknih.cz/view?isbn=9788090009349</subfield>
  <subfield code="2">OKCZ - ANOTACE Z WEBU</subfield>
</datafield>
<datafield tag="650" ind1=" " ind2="7">
  <subfield code="7">cbvk_us_auth*v0016789</subfield>
  <subfield code="a">polévky</subfield>
  <subfield code="2">czenas</subfield>
</datafield>
<datafield tag="650" ind1=" " ind2="7">
  <subfield code="7">cbvk_us_auth*v0017010</subfield>
  <subfield code="a">pomazánky</subfield>
  <subfield code="2">czenas</subfield>
</datafield>
<datafield tag="650" ind1=" " ind2="7">
  <subfield code="7">cbvk_us_auth*v0024246</subfield>
  <subfield code="a">vegetariánská jídla</subfield>
  <subfield code="2">czenas</subfield>
</datafield>
<datafield tag="650" ind1=" " ind2="7">
  <subfield code="7">cbvk_us_auth*v0024143</subfield>
  <subfield code="a">vaření</subfield>
  <subfield code="2">czenas</subfield>
</datafield>
<datafield tag="655" ind1=" " ind2="7">
  <subfield code="7">cbvk_us_auth*f0000653</subfield>
  <subfield code="a">kuchařské recepty</subfield>
  <subfield code="2">czenas</subfield>
</datafield>
<datafield tag="700" ind1="1" ind2=" ">
  <subfield code="a">Brodský, Jan,</subfield>
  <subfield code="d">1952-</subfield>
  <subfield code="4">pht</subfield>
  <subfield code="7">cbvk_us_auth*m0016735</subfield>
</datafield>
<datafield tag="852" ind1=" " ind2=" ">
  <subfield code="c">641/642_Bezmasá_jídla</subfield>
  <subfield code="b">N</subfield>
</datafield>
<datafield tag="910" ind1=" " ind2=" ">
  <subfield code="a">CBA001</subfield>
</datafield>
<datafield tag="964" ind1=" " ind2=" ">
  <subfield code="a">Jídla vegetariánská - kuchařky - předpisy</subfield>
</datafield>
<datafield tag="964" ind1=" " ind2=" ">
  <subfield code="a">Kuchařky - předpisy - jídla vegetariánská</subfield>
</datafield>
<datafield tag="964" ind1=" " ind2=" ">
  <subfield code="a">Kuchařky - předpisy - polévky</subfield>
</datafield>
<datafield tag="964" ind1=" " ind2=" ">
  <subfield code="a">Kuchařky - předpisy - pomazánky</subfield>
</datafield>
<datafield tag="964" ind1=" " ind2=" ">
  <subfield code="a">Polévky - kuchařky - předpisy</subfield>
</datafield>
<datafield tag="964" ind1=" " ind2=" ">
  <subfield code="a">Pomazánky - kuchařky - předpisy</subfield>
</datafield>
<datafield tag="969" ind1=" " ind2=" ">
  <subfield code="f">R</subfield>
  <subfield code="f">N</subfield>
  <subfield code="g">20100126</subfield>
</datafield>
<datafield tag="970" ind1=" " ind2=" ">
  <subfield code="b">AMG</subfield>
</datafield>
<datafield tag="999" ind1=" " ind2=" ">
  <subfield code="a">11</subfield>
  <subfield code="b">CBVK</subfield>
  <subfield code="c">CBVK</subfield>
  <subfield code="d">CBA 001/Tal-19980127#sys-20070906#sys-20070912#sys-20081030#sys-20090125-11474193#sys-20100126#i2.okx.sync-20200209-105137258#mk-20200227-105807946#i2.okx.sync-20200312-106315147#i2.okx.sync-20200317-106490984</subfield>
</datafield>
<datafield tag="C99" ind1=" " ind2=" ">
  <subfield code="d">DFLT_US_CAT_BK_A</subfield>
</datafield>
</record>