
<record>
<leader>00000nam-a22     3a-4500</leader>
<controlfield tag="001">m0000399</controlfield>
<controlfield tag="003">CZ-CbJVK</controlfield>
<controlfield tag="005">20200803101912.4</controlfield>
<controlfield tag="007">ta</controlfield>
<controlfield tag="008">000608s1969----xr-                 cze-|</controlfield>
<datafield tag="015" ind1=" " ind2=" ">
  <subfield code="a">cnb000424611</subfield>
</datafield>
<datafield tag="035" ind1=" " ind2=" ">
  <subfield code="a">(OCoLC)85221253</subfield>
</datafield>
<datafield tag="040" ind1=" " ind2=" ">
  <subfield code="a">CBA001</subfield>
  <subfield code="b">cze</subfield>
</datafield>
<datafield tag="072" ind1=" " ind2="7">
  <subfield code="a">791</subfield>
  <subfield code="x">Film. Cirkus. Lidová zábava</subfield>
  <subfield code="9">3</subfield>
  <subfield code="2">Konspekt</subfield>
</datafield>
<datafield tag="080" ind1=" " ind2=" ">
  <subfield code="a">791.633-051</subfield>
  <subfield code="2">MRF</subfield>
</datafield>
<datafield tag="080" ind1=" " ind2=" ">
  <subfield code="a">791.6-05</subfield>
  <subfield code="2">MRF</subfield>
</datafield>
<datafield tag="245" ind1="0" ind2="0">
  <subfield code="a">3 1/2 podruhé :</subfield>
  <subfield code="b">Ewald Schorm, Ivan Passer, Jan Němec, Karel Vachek /</subfield>
  <subfield code="c">uspořádal Jiří Janoušek</subfield>
</datafield>
<datafield tag="250" ind1=" " ind2=" ">
  <subfield code="a">1. vyd.</subfield>
</datafield>
<datafield tag="260" ind1=" " ind2=" ">
  <subfield code="a">Praha :</subfield>
  <subfield code="b">Orbis,</subfield>
  <subfield code="c">1969</subfield>
</datafield>
<datafield tag="300" ind1=" " ind2=" ">
  <subfield code="a">331 s. :</subfield>
  <subfield code="b">il.</subfield>
</datafield>
<datafield tag="490" ind1="1" ind2=" ">
  <subfield code="a">Filmy a tvůrci ;</subfield>
  <subfield code="v">sv. 10</subfield>
</datafield>
<datafield tag="500" ind1=" " ind2=" ">
  <subfield code="a">Bio- a filmografie</subfield>
</datafield>
<datafield tag="650" ind1=" " ind2="7">
  <subfield code="7">cbvk_us_auth*v0005531</subfield>
  <subfield code="a">filmová režie</subfield>
  <subfield code="2">czenas</subfield>
</datafield>
<datafield tag="650" ind1=" " ind2="7">
  <subfield code="7">cbvk_us_auth*v0005578</subfield>
  <subfield code="a">filmoví režiséři</subfield>
  <subfield code="2">czenas</subfield>
</datafield>
<datafield tag="655" ind1=" " ind2="7">
  <subfield code="a">biografie</subfield>
  <subfield code="2">czenas</subfield>
  <subfield code="7">cbvk_us_auth*f0000156</subfield>
</datafield>
<datafield tag="655" ind1=" " ind2="7">
  <subfield code="a">příručky</subfield>
  <subfield code="2">czenas</subfield>
  <subfield code="7">cbvk_us_auth*f0000989</subfield>
</datafield>
<datafield tag="700" ind1="1" ind2=" ">
  <subfield code="a">Janoušek, Jiří,</subfield>
  <subfield code="d">1943-</subfield>
  <subfield code="4">com</subfield>
  <subfield code="7">cbvk_us_auth*m0068009</subfield>
</datafield>
<datafield tag="830" ind1=" " ind2="0">
  <subfield code="a">Filmy a tvůrci ;</subfield>
  <subfield code="v">sv. 10</subfield>
  <subfield code="7">cbvk_us_auth*0066541</subfield>
</datafield>
<datafield tag="852" ind1=" " ind2=" ">
  <subfield code="b">N</subfield>
</datafield>
<datafield tag="910" ind1=" " ind2=" ">
  <subfield code="a">CBA001</subfield>
</datafield>
<datafield tag="964" ind1=" " ind2=" ">
  <subfield code="a">Režiséři filmoví čeští - dílo - stol.20.(2.pol.) - příručky</subfield>
</datafield>
<datafield tag="969" ind1=" " ind2=" ">
  <subfield code="f">N</subfield>
  <subfield code="g">20100520</subfield>
</datafield>
<datafield tag="970" ind1=" " ind2=" ">
  <subfield code="b">AMG</subfield>
</datafield>
<datafield tag="981" ind1=" " ind2=" ">
  <subfield code="b">23.00</subfield>
</datafield>
<datafield tag="999" ind1=" " ind2=" ">
  <subfield code="a">12</subfield>
  <subfield code="b">CBVK</subfield>
  <subfield code="c">CBVK</subfield>
  <subfield code="d">CBA001/Such-20000608#sys-20070906#mh-20070910-4197431#sys-20070911#sys-20081029#mk-20081029-10117606#sys-20090125-11474197#sys-20100126#sys-20100520#mk-20200803-110305618</subfield>
</datafield>
<datafield tag="C99" ind1=" " ind2=" ">
  <subfield code="d">DFLT_US_CAT_BK_A</subfield>
</datafield>
</record>