
<record>
<leader>02291nam-a2200637-a-4500</leader>
<controlfield tag="001">m0000401</controlfield>
<controlfield tag="003">CZ-CbJVK</controlfield>
<controlfield tag="005">20201109001906.8</controlfield>
<controlfield tag="007">ta</controlfield>
<controlfield tag="008">070305s2005----xr-ac--e------000-1acze-|</controlfield>
<datafield tag="015" ind1=" " ind2=" ">
  <subfield code="a">cnb001583235</subfield>
</datafield>
<datafield tag="020" ind1=" " ind2=" ">
  <subfield code="a">80-239-5727-9</subfield>
  <subfield code="q">(váz.)</subfield>
</datafield>
<datafield tag="020" ind1=" " ind2=" ">
  <subfield code="a">978-80-239-5727-3</subfield>
  <subfield code="q">(e-kniha)</subfield>
</datafield>
<datafield tag="035" ind1=" " ind2=" ">
  <subfield code="a">(OCoLC)124086517</subfield>
</datafield>
<datafield tag="040" ind1=" " ind2=" ">
  <subfield code="a">ABA001</subfield>
  <subfield code="b">cze</subfield>
</datafield>
<datafield tag="043" ind1=" " ind2=" ">
  <subfield code="a">e-xr---</subfield>
</datafield>
<datafield tag="045" ind1=" " ind2=" ">
  <subfield code="a">x6y0</subfield>
</datafield>
<datafield tag="072" ind1=" " ind2="7">
  <subfield code="a">005</subfield>
  <subfield code="x">Management. Řízení</subfield>
  <subfield code="9">4</subfield>
  <subfield code="2">Konspekt</subfield>
</datafield>
<datafield tag="072" ind1=" " ind2="7">
  <subfield code="a">929</subfield>
  <subfield code="x">Biografie</subfield>
  <subfield code="9">8</subfield>
  <subfield code="2">Konspekt</subfield>
</datafield>
<datafield tag="080" ind1=" " ind2=" ">
  <subfield code="a">929</subfield>
  <subfield code="2">MRF</subfield>
</datafield>
<datafield tag="080" ind1=" " ind2=" ">
  <subfield code="a">658.114-051</subfield>
  <subfield code="2">MRF</subfield>
</datafield>
<datafield tag="080" ind1=" " ind2=" ">
  <subfield code="a">2-184.35-051</subfield>
  <subfield code="2">MRF</subfield>
</datafield>
<datafield tag="080" ind1=" " ind2=" ">
  <subfield code="a">279.13/.14-726.6</subfield>
  <subfield code="2">MRF</subfield>
</datafield>
<datafield tag="080" ind1=" " ind2=" ">
  <subfield code="a">005</subfield>
  <subfield code="2">MRF</subfield>
</datafield>
<datafield tag="080" ind1=" " ind2=" ">
  <subfield code="a">658.114</subfield>
  <subfield code="2">MRF</subfield>
</datafield>
<datafield tag="080" ind1=" " ind2=" ">
  <subfield code="a">27-184.35</subfield>
  <subfield code="2">MRF</subfield>
</datafield>
<datafield tag="080" ind1=" " ind2=" ">
  <subfield code="a">27-4</subfield>
  <subfield code="2">MRF</subfield>
</datafield>
<datafield tag="080" ind1=" " ind2=" ">
  <subfield code="a">(437.3)</subfield>
  <subfield code="2">MRF</subfield>
</datafield>
<datafield tag="080" ind1=" " ind2=" ">
  <subfield code="a">(092)</subfield>
  <subfield code="2">MRF</subfield>
</datafield>
<datafield tag="100" ind1="1" ind2=" ">
  <subfield code="7">cbvk_us_auth*m0122421</subfield>
  <subfield code="a">Passer, Radim,</subfield>
  <subfield code="d">1963-</subfield>
  <subfield code="4">aut</subfield>
</datafield>
<datafield tag="245" ind1="1" ind2="0">
  <subfield code="a">3 a 1/2 roku, aneb, Americký sen v Česku /</subfield>
  <subfield code="c">Radim Passer ; [textová spolupráce Vladimíra Štěpánová]</subfield>
</datafield>
<datafield tag="246" ind1="3" ind2=" ">
  <subfield code="a">Tři a půl roku, aneb, Americký sen v Česku</subfield>
</datafield>
<datafield tag="246" ind1="3" ind2="0">
  <subfield code="a">Americký sen v Česku</subfield>
</datafield>
<datafield tag="250" ind1=" " ind2=" ">
  <subfield code="a">Vyd. 1.</subfield>
</datafield>
<datafield tag="260" ind1=" " ind2=" ">
  <subfield code="a">Praha :</subfield>
  <subfield code="b">Maranatha,</subfield>
  <subfield code="c">2005</subfield>
</datafield>
<datafield tag="300" ind1=" " ind2=" ">
  <subfield code="a">250 s. :</subfield>
  <subfield code="b">il. (převážně barev.), portréty ;</subfield>
  <subfield code="c">25 cm</subfield>
</datafield>
<datafield tag="520" ind1="3" ind2=" ">
  <subfield code="a">Strhující životní příběh jednoho z nejúspěšnějších českých podnikatelů  současnosti, developera a rovněž praktikujícího křesťana Radima Passera.    Upřímná, zcela otevřená Passerova zpověď osloví bezpochyby každého  čtenáře. Toho, koho zajímá, jak se dělá byznys; toho, koho láká nahlížet  až do kuchyně známých lidí; toho, kdo  stejně jako ještě před nedávnem  Radim Passer  hledá jediný správný směr svého života   Zklamán bude ten,  kdo čeká román s košatými dialogy a detailně vykreslenými desítkami  postav s analýzou doby, v níž žijeme. Nadšen však bude ten, kdo dokáže  ocenit, s jakou upřímností Passer přiznává svůj životaběh. Téměř  deníkovou formou vypráví, jaké byly začátky a vývoj jeho podnikání,  jakých chyb se dopustil, jaké nástrahy musel překonávat. Člověk, který  ke svému bohatství nepřišel žádnou restitucí či kuponovou privatizací,  nýbrž klasickým podnikáním, musel čelit nekalým praktikám některých  lidí. Jejich cíl byl jasný: jeho stále rostoucí firemní majetek mu  ukrást. Paradoxem doby je skutečnost, že podvodníky byli Passerovi  nejbližší spolupracovníci, kterým dal více než nadstandardně placenou  práci ve své společnosti.  Souběžně v knize sledujeme Passerův soukromý  život  velikou lásku k manželce a přitom časté nevěry, narození syna a  již pár týdnů nato jeho bolestnou ztrátu. Právě ta se stala momentem,  při němž si Passer uvědomil, pracovní úspěch, peníze, střídání krásných  žen, luxusní auta a všechny další atributy bohatství mohou člověku  přinášet pocit spokojenosti, ale ne skutečné štěstí. To přichází až ve  chvíli, kdy člověk nachází svou cestu k Bohu a porozumí jeho lásce k  člověku.        </subfield>
  <subfield code="c">okcz</subfield>
  <subfield code="u">https://www.obalkyknih.cz/view?isbn=9788023957273</subfield>
  <subfield code="2">Web obalkyknih.cz</subfield>
</datafield>
<datafield tag="600" ind1="1" ind2="7">
  <subfield code="7">cbvk_us_auth*m0122421</subfield>
  <subfield code="a">Passer, Radim,</subfield>
  <subfield code="d">1963-</subfield>
  <subfield code="2">czenas</subfield>
</datafield>
<datafield tag="648" ind1=" " ind2="4">
  <subfield code="7">cbvk_us_auth*0009640</subfield>
  <subfield code="a">20.-21. století</subfield>
  <subfield code="2">czenas</subfield>
</datafield>
<datafield tag="648" ind1=" " ind2="4">
  <subfield code="7">cbvk_us_auth*k0000257</subfield>
  <subfield code="a">21. století</subfield>
  <subfield code="2">czenas</subfield>
</datafield>
<datafield tag="650" ind1="0" ind2="7">
  <subfield code="a">podnikatelé</subfield>
  <subfield code="z">Česko</subfield>
  <subfield code="y">20.-21. století</subfield>
  <subfield code="2">czenas</subfield>
  <subfield code="7">cbvk_us_auth*v0016619</subfield>
</datafield>
<datafield tag="650" ind1="0" ind2="7">
  <subfield code="a">náboženští konvertité</subfield>
  <subfield code="z">Česko</subfield>
  <subfield code="y">20.-21. století</subfield>
  <subfield code="2">czenas</subfield>
  <subfield code="7">cbvk_us_auth*v0013733</subfield>
</datafield>
<datafield tag="650" ind1="0" ind2="7">
  <subfield code="a">adventisté</subfield>
  <subfield code="z">Česko</subfield>
  <subfield code="y">20.-21. století</subfield>
  <subfield code="2">czenas</subfield>
  <subfield code="7">cbvk_us_auth*v0000144</subfield>
</datafield>
<datafield tag="650" ind1="0" ind2="7">
  <subfield code="a">podnikání</subfield>
  <subfield code="z">Česko</subfield>
  <subfield code="y">20.-21. století</subfield>
  <subfield code="2">czenas</subfield>
  <subfield code="7">cbvk_us_auth*v0016618</subfield>
</datafield>
<datafield tag="650" ind1="0" ind2="7">
  <subfield code="a">křesťanský život</subfield>
  <subfield code="2">czenas</subfield>
  <subfield code="7">cbvk_us_auth*v0010574</subfield>
</datafield>
<datafield tag="655" ind1=" " ind2="7">
  <subfield code="a">autobiografie</subfield>
  <subfield code="2">czenas</subfield>
  <subfield code="7">cbvk_us_auth*f0000100</subfield>
</datafield>
<datafield tag="852" ind1=" " ind2=" ">
  <subfield code="b">N</subfield>
  <subfield code="c">658</subfield>
</datafield>
<datafield tag="910" ind1=" " ind2=" ">
  <subfield code="a">CBA001</subfield>
</datafield>
<datafield tag="969" ind1=" " ind2=" ">
  <subfield code="f">N</subfield>
  <subfield code="g">20190927</subfield>
</datafield>
<datafield tag="970" ind1=" " ind2=" ">
  <subfield code="b">AMG</subfield>
  <subfield code="k">kld</subfield>
</datafield>
<datafield tag="999" ind1=" " ind2=" ">
  <subfield code="a">1143</subfield>
  <subfield code="b">CBVK</subfield>
  <subfield code="c">CBVK</subfield>
  <subfield code="d">CBA001/Praxe-20060220#..#i2.okx.sync-20201101-113721527#i2.okx.sync-20201102-113737504#i2.okx.sync-20201103-113753321#i2.okx.sync-20201104-113767172#i2.okx.sync-20201105-113784602#i2.okx.sync-20201106-113802699#i2.okx.sync-20201108-113840000#i2.okx.sync-20201109-113858473</subfield>
</datafield>
<datafield tag="C85" ind1=" " ind2="1">
  <subfield code="h">ereading</subfield>
  <subfield code="b">1574</subfield>
  <subfield code="d">https://core.palmknihy.cz/web/data/Shop_ereading.Preview.167342.pdf</subfield>
  <subfield code="d">https://core.palmknihy.cz/web/data/Shop_ereading.Preview.167342.epub</subfield>
  <subfield code="d">https://core.palmknihy.cz/web/data/Shop_ereading.Preview.167342.mobi</subfield>
  <subfield code="u">https://www.palmknihy.cz/kniha/167342?3-a-1-2-roku-aneb-americky-sen-v-cesku-</subfield>
  <subfield code="x">20171021</subfield>
</datafield>
<datafield tag="C99" ind1=" " ind2=" ">
  <subfield code="a">nkc20051583235</subfield>
  <subfield code="d">DFLT_US_CAT_BK_A</subfield>
</datafield>
</record>