
<record>
<leader>00000nam-a22     3a-4500</leader>
<controlfield tag="001">m0000408</controlfield>
<controlfield tag="003">CZ-CbJVK</controlfield>
<controlfield tag="005">20100520203345.0</controlfield>
<controlfield tag="007">ta</controlfield>
<controlfield tag="008">030703s1968----xr-                 cze-|</controlfield>
<datafield tag="040" ind1=" " ind2=" ">
  <subfield code="a">CBA001</subfield>
  <subfield code="b">cze</subfield>
</datafield>
<datafield tag="100" ind1="1" ind2=" ">
  <subfield code="a">Kusáková-Knazová, H.</subfield>
  <subfield code="4">aut</subfield>
  <subfield code="7">cbvk_us_auth*m0090169</subfield>
</datafield>
<datafield tag="245" ind1="1" ind2="0">
  <subfield code="a">3. bienále užité grafiky Brno &apos;68 :</subfield>
  <subfield code="b">mezinárodní přehlídka výstavnické tvorby 19.6. - 22.9.1968 : katalog</subfield>
</datafield>
<datafield tag="260" ind1=" " ind2=" ">
  <subfield code="a">Brno :</subfield>
  <subfield code="b">Moravská galerie,</subfield>
  <subfield code="c">1968</subfield>
</datafield>
<datafield tag="300" ind1=" " ind2=" ">
  <subfield code="a">ca 120 s. :</subfield>
  <subfield code="b">fotogr.</subfield>
</datafield>
<datafield tag="490" ind1="1" ind2=" ">
  <subfield code="a">Směr : edice katalogů Mor. galerie v Brně ;</subfield>
  <subfield code="v">sv. 33</subfield>
</datafield>
<datafield tag="500" ind1=" " ind2=" ">
  <subfield code="a">Vícejazyčný text.</subfield>
</datafield>
<datafield tag="700" ind1="1" ind2=" ">
  <subfield code="a">Rajlich, Jan,</subfield>
  <subfield code="d">1950-</subfield>
  <subfield code="4">aui</subfield>
  <subfield code="7">cbvk_us_auth*m0134328</subfield>
</datafield>
<datafield tag="830" ind1=" " ind2="0">
  <subfield code="a">Směr (Moravská galerie) ;</subfield>
  <subfield code="v">sv. 33</subfield>
  <subfield code="7">cbvk_us_auth*0066543</subfield>
</datafield>
<datafield tag="852" ind1=" " ind2=" ">
  <subfield code="b">N</subfield>
</datafield>
<datafield tag="887" ind1=" " ind2=" ">
  <subfield code="a">40cnb</subfield>
</datafield>
<datafield tag="910" ind1=" " ind2=" ">
  <subfield code="a">CBA001</subfield>
</datafield>
<datafield tag="969" ind1=" " ind2=" ">
  <subfield code="f">R</subfield>
  <subfield code="f">N</subfield>
  <subfield code="g">20100520</subfield>
</datafield>
<datafield tag="970" ind1=" " ind2=" ">
  <subfield code="b">AMG</subfield>
</datafield>
<datafield tag="999" ind1=" " ind2=" ">
  <subfield code="a">7</subfield>
  <subfield code="b">CBVK</subfield>
  <subfield code="c">CBVK</subfield>
  <subfield code="d">CBA001/Dre-20030703#sys-20070906#sys-20070912#sys-20090125-11474211#sys-20100126#sys-20100520</subfield>
</datafield>
<datafield tag="C67" ind1=" " ind2=" ">
  <subfield code="a">CBA001-m0000408</subfield>
</datafield>
<datafield tag="C99" ind1=" " ind2=" ">
  <subfield code="d">DFLT_US_CAT_BK_A</subfield>
</datafield>
</record>