
<record>
<leader>00000nam-a22     3i-4500</leader>
<controlfield tag="001">m0000420</controlfield>
<controlfield tag="003">CZ-CbJVK</controlfield>
<controlfield tag="005">20200818162645.6</controlfield>
<controlfield tag="007">ta</controlfield>
<controlfield tag="008">040802s1963----xr-a---e------000-1-cze-d</controlfield>
<datafield tag="015" ind1=" " ind2=" ">
  <subfield code="a">cnb000473732</subfield>
  <subfield code="z">cnb000132442</subfield>
  <subfield code="z">cnb001796073</subfield>
</datafield>
<datafield tag="035" ind1=" " ind2=" ">
  <subfield code="a">(OCoLC)85339387</subfield>
</datafield>
<datafield tag="040" ind1=" " ind2=" ">
  <subfield code="a">CBA001</subfield>
  <subfield code="b">cze</subfield>
  <subfield code="e">rda</subfield>
</datafield>
<datafield tag="072" ind1=" " ind2="7">
  <subfield code="a">821.162.3-3</subfield>
  <subfield code="x">Česká próza</subfield>
  <subfield code="9">25</subfield>
  <subfield code="2">Konspekt</subfield>
</datafield>
<datafield tag="080" ind1=" " ind2=" ">
  <subfield code="a">821.162.3-32</subfield>
  <subfield code="2">MRF</subfield>
</datafield>
<datafield tag="080" ind1=" " ind2=" ">
  <subfield code="a">(0:82-322.4)</subfield>
  <subfield code="2">MRF</subfield>
</datafield>
<datafield tag="100" ind1="1" ind2=" ">
  <subfield code="a">Fiker, Eduard,</subfield>
  <subfield code="d">1902-1961</subfield>
  <subfield code="4">aut</subfield>
  <subfield code="7">cbvk_us_auth*m0042217</subfield>
</datafield>
<datafield tag="245" ind1="1" ind2="0">
  <subfield code="a">3 detektivní příběhy Eduarda Fikera</subfield>
</datafield>
<datafield tag="250" ind1=" " ind2=" ">
  <subfield code="a">Vydání: Nikdo není vinen? - 2. (v MF 1.), Zinková cesta - 2. (v MF 1.), Kilometr devatenáct 2. (v MF 2.)</subfield>
</datafield>
<datafield tag="264" ind1=" " ind2="1">
  <subfield code="a">Praha :</subfield>
  <subfield code="b">Mladá fronta,</subfield>
  <subfield code="c">1963</subfield>
</datafield>
<datafield tag="300" ind1=" " ind2=" ">
  <subfield code="a">512 stran :</subfield>
  <subfield code="b">1 ilustrace ;</subfield>
  <subfield code="c">20 cm</subfield>
</datafield>
<datafield tag="336" ind1=" " ind2=" ">
  <subfield code="a">text</subfield>
  <subfield code="b">txt</subfield>
  <subfield code="2">rdacontent</subfield>
</datafield>
<datafield tag="337" ind1=" " ind2=" ">
  <subfield code="a">bez média</subfield>
  <subfield code="b">n</subfield>
  <subfield code="2">rdamedia</subfield>
</datafield>
<datafield tag="338" ind1=" " ind2=" ">
  <subfield code="a">svazek</subfield>
  <subfield code="b">nc</subfield>
  <subfield code="2">rdacarrier</subfield>
</datafield>
<datafield tag="490" ind1="1" ind2=" ">
  <subfield code="a">Smaragd ;</subfield>
  <subfield code="v">zvláštní svazek</subfield>
</datafield>
<datafield tag="505" ind1="0" ind2="0">
  <subfield code="t">Nikdo není vinen? --</subfield>
  <subfield code="t">Zinková cesta --</subfield>
  <subfield code="t">Kilometr devatenáct</subfield>
</datafield>
<datafield tag="655" ind1=" " ind2="7">
  <subfield code="7">cbvk_us_auth*f0000226</subfield>
  <subfield code="a">české příběhy</subfield>
  <subfield code="2">czenas</subfield>
</datafield>
<datafield tag="655" ind1=" " ind2="7">
  <subfield code="7">cbvk_us_auth*f0000262</subfield>
  <subfield code="a">detektivní příběhy</subfield>
  <subfield code="2">czenas</subfield>
</datafield>
<datafield tag="700" ind1="1" ind2=" ">
  <subfield code="7">cbvk_us_auth*m0042217</subfield>
  <subfield code="a">Fiker, Eduard,</subfield>
  <subfield code="d">1902-1961.</subfield>
  <subfield code="t">Nikdo není vinen?</subfield>
</datafield>
<datafield tag="700" ind1="1" ind2=" ">
  <subfield code="7">cbvk_us_auth*m0042217</subfield>
  <subfield code="a">Fiker, Eduard,</subfield>
  <subfield code="d">1902-1961.</subfield>
  <subfield code="t">Zinková cesta</subfield>
</datafield>
<datafield tag="700" ind1="1" ind2=" ">
  <subfield code="7">cbvk_us_auth*m0042217</subfield>
  <subfield code="a">Fiker, Eduard,</subfield>
  <subfield code="d">1902-1961.</subfield>
  <subfield code="t">Kilometr devatenáct</subfield>
</datafield>
<datafield tag="830" ind1=" " ind2="0">
  <subfield code="a">Smaragd (Mladá fronta) ;</subfield>
  <subfield code="v">zvláštní svazek</subfield>
  <subfield code="7">cbvk_us_auth*0021197</subfield>
</datafield>
<datafield tag="852" ind1=" " ind2=" ">
  <subfield code="b">B</subfield>
</datafield>
<datafield tag="856" ind1="4" ind2="1">
  <subfield code="u">https://ndk.cz/uuid/uuid:863a2730-1922-11e7-8bbb-005056827e52</subfield>
  <subfield code="y">Digitalizovaný dokument</subfield>
  <subfield code="3">DNNT</subfield>
</datafield>
<datafield tag="910" ind1=" " ind2=" ">
  <subfield code="a">CBA001</subfield>
</datafield>
<datafield tag="928" ind1="9" ind2=" ">
  <subfield code="7">cbvk_us_auth*p0011905</subfield>
  <subfield code="a">Mladá fronta</subfield>
  <subfield code="4">pbl</subfield>
</datafield>
<datafield tag="969" ind1=" " ind2=" ">
  <subfield code="f">N</subfield>
  <subfield code="g">20180123</subfield>
</datafield>
<datafield tag="970" ind1=" " ind2=" ">
  <subfield code="b">AMG</subfield>
  <subfield code="k">vmi</subfield>
</datafield>
<datafield tag="981" ind1=" " ind2=" ">
  <subfield code="b">34.50</subfield>
</datafield>
<datafield tag="999" ind1=" " ind2=" ">
  <subfield code="a">11</subfield>
  <subfield code="b">CBVK</subfield>
  <subfield code="c">CBVK</subfield>
  <subfield code="d">CBA001/Sve-20040802#mh-20070910-4197434#sys-20070911#sys-20090125-11474231#sys-20100126#svejdova-20180122-78253228#volenova-20180123-78355094#sys-20200818-110876807</subfield>
</datafield>
<datafield tag="C99" ind1=" " ind2=" ">
  <subfield code="d">DFLT_US_CAT_BK_A</subfield>
  <subfield code="a">vkol001083240</subfield>
</datafield>
</record>