
<record>
<leader>00000ncm-a22     3i-4500</leader>
<controlfield tag="001">m0000433</controlfield>
<controlfield tag="003">CZ-CbJVK</controlfield>
<controlfield tag="005">20201222110749.9</controlfield>
<controlfield tag="007">qu</controlfield>
<controlfield tag="008">010615t19631962xr-zza-j-------n----zxx-d</controlfield>
<datafield tag="040" ind1=" " ind2=" ">
  <subfield code="a">CBA001</subfield>
  <subfield code="b">cze</subfield>
  <subfield code="e">rda</subfield>
</datafield>
<datafield tag="043" ind1=" " ind2=" ">
  <subfield code="a">e-xr---</subfield>
</datafield>
<datafield tag="044" ind1=" " ind2=" ">
  <subfield code="a">xr</subfield>
</datafield>
<datafield tag="045" ind1=" " ind2=" ">
  <subfield code="a">w5x0</subfield>
</datafield>
<datafield tag="072" ind1=" " ind2="7">
  <subfield code="a">786</subfield>
  <subfield code="x">Hudba pro klávesové nástroje</subfield>
  <subfield code="9">9</subfield>
  <subfield code="2">Konspekt</subfield>
</datafield>
<datafield tag="080" ind1=" " ind2=" ">
  <subfield code="a">(437.3)</subfield>
  <subfield code="2">MRF</subfield>
</datafield>
<datafield tag="080" ind1=" " ind2=" ">
  <subfield code="a">78.083</subfield>
  <subfield code="2">MRF</subfield>
</datafield>
<datafield tag="080" ind1=" " ind2=" ">
  <subfield code="a">786.2.02</subfield>
  <subfield code="2">MRF</subfield>
</datafield>
<datafield tag="080" ind1=" " ind2=" ">
  <subfield code="a">78:371.671</subfield>
  <subfield code="2">MRF</subfield>
</datafield>
<datafield tag="080" ind1=" " ind2=" ">
  <subfield code="a">78.089.6</subfield>
  <subfield code="2">MRF</subfield>
</datafield>
<datafield tag="080" ind1=" " ind2=" ">
  <subfield code="a">(075)78</subfield>
  <subfield code="2">MRF</subfield>
</datafield>
<datafield tag="100" ind1="1" ind2=" ">
  <subfield code="7">cbvk_us_auth*m0042003</subfield>
  <subfield code="a">Fibich, Zdeněk,</subfield>
  <subfield code="d">1850-1900</subfield>
  <subfield code="4">cmp</subfield>
</datafield>
<datafield tag="245" ind1="1" ind2="0">
  <subfield code="a">3 klavírní skladbičky :</subfield>
  <subfield code="b">klavír 6.-7. třída /</subfield>
  <subfield code="c">Zdeněk Fibich ; vybraly E. Kleinová a E. Müllerová</subfield>
</datafield>
<datafield tag="250" ind1=" " ind2=" ">
  <subfield code="a">1. vydání</subfield>
</datafield>
<datafield tag="264" ind1=" " ind2="1">
  <subfield code="a">Praha :</subfield>
  <subfield code="b">Státní hudební vydavatelství,</subfield>
  <subfield code="c">[1963]</subfield>
</datafield>
<datafield tag="264" ind1=" " ind2="4">
  <subfield code="c">©1962</subfield>
</datafield>
<datafield tag="300" ind1=" " ind2=" ">
  <subfield code="a">1 partitura (7 stran)</subfield>
</datafield>
<datafield tag="336" ind1=" " ind2=" ">
  <subfield code="a">zápis hudby</subfield>
  <subfield code="b">ntm</subfield>
  <subfield code="2">rdacontent</subfield>
</datafield>
<datafield tag="337" ind1=" " ind2=" ">
  <subfield code="a">bez média</subfield>
  <subfield code="b">n</subfield>
  <subfield code="2">rdamedia</subfield>
</datafield>
<datafield tag="338" ind1=" " ind2=" ">
  <subfield code="a">svazek</subfield>
  <subfield code="b">nc</subfield>
  <subfield code="2">rdacarrier</subfield>
</datafield>
<datafield tag="382" ind1="0" ind2="1">
  <subfield code="7">cbvk_us_auth*0172268</subfield>
  <subfield code="a">klavír</subfield>
  <subfield code="n">1</subfield>
  <subfield code="s">1</subfield>
</datafield>
<datafield tag="490" ind1="1" ind2=" ">
  <subfield code="a">Edice Lidových Škol Umění</subfield>
</datafield>
<datafield tag="500" ind1=" " ind2=" ">
  <subfield code="a">Název z obálky</subfield>
</datafield>
<datafield tag="648" ind1=" " ind2="7">
  <subfield code="7">cbvk_us_auth*k0000203</subfield>
  <subfield code="a">19.-20. století</subfield>
  <subfield code="2">czenas</subfield>
</datafield>
<datafield tag="650" ind1="0" ind2="7">
  <subfield code="7">cbvk_us_auth*v0004138</subfield>
  <subfield code="a">drobné skladby</subfield>
  <subfield code="z">Česko</subfield>
  <subfield code="y">19.-20. století</subfield>
  <subfield code="2">czenas</subfield>
</datafield>
<datafield tag="650" ind1="0" ind2="7">
  <subfield code="7">cbvk_us_auth*v0007211</subfield>
  <subfield code="a">hra na klavír</subfield>
  <subfield code="z">Česko</subfield>
  <subfield code="y">19.-20. století</subfield>
  <subfield code="2">czenas</subfield>
</datafield>
<datafield tag="650" ind1="0" ind2="7">
  <subfield code="7">cbvk_us_auth*0061182</subfield>
  <subfield code="a">školy (hudba)</subfield>
  <subfield code="z">Česko</subfield>
  <subfield code="y">19.-20. století</subfield>
  <subfield code="2">czenas</subfield>
</datafield>
<datafield tag="655" ind1=" " ind2="7">
  <subfield code="7">cbvk_us_auth*f0000869</subfield>
  <subfield code="a">partitury pro sólový nástroj</subfield>
  <subfield code="2">czenas</subfield>
</datafield>
<datafield tag="655" ind1=" " ind2="7">
  <subfield code="7">cbvk_us_auth*f0001308</subfield>
  <subfield code="a">učebnice hudebních škol</subfield>
  <subfield code="2">czenas</subfield>
</datafield>
<datafield tag="830" ind1=" " ind2="0">
  <subfield code="a">Edice Lidových Škol Umění</subfield>
  <subfield code="7">cbvk_us_auth*0066545</subfield>
</datafield>
<datafield tag="887" ind1=" " ind2=" ">
  <subfield code="a">VISK5</subfield>
</datafield>
<datafield tag="910" ind1=" " ind2=" ">
  <subfield code="a">CBA001</subfield>
</datafield>
<datafield tag="928" ind1="9" ind2=" ">
  <subfield code="7">cbvk_us_auth*p0018853</subfield>
  <subfield code="a">Státní hudební vydavatelství</subfield>
  <subfield code="4">pbl</subfield>
</datafield>
<datafield tag="969" ind1=" " ind2=" ">
  <subfield code="g">20201223</subfield>
</datafield>
<datafield tag="970" ind1=" " ind2=" ">
  <subfield code="b">H</subfield>
  <subfield code="k">hud</subfield>
</datafield>
<datafield tag="999" ind1=" " ind2=" ">
  <subfield code="a">7</subfield>
  <subfield code="b">CBVK</subfield>
  <subfield code="c">CBVK</subfield>
  <subfield code="d">CBA001/Seb-20010615#sys-20090125-11474241#sys-20100126#sys-20100520#pe-20200805-110385273#pe-20201222-114572411</subfield>
</datafield>
<datafield tag="C99" ind1=" " ind2=" ">
  <subfield code="d">DFLT_US_CAT_MU_C</subfield>
</datafield>
</record>