
<record>
<leader>00000ncm-a22     3i-4500</leader>
<controlfield tag="001">m0000474</controlfield>
<controlfield tag="003">CZ-CbJVK</controlfield>
<controlfield tag="005">20190220140814.1</controlfield>
<controlfield tag="007">qu</controlfield>
<controlfield tag="008">020515t19831983hu-snaeg------------zxx-d</controlfield>
<datafield tag="028" ind1="2" ind2="1">
  <subfield code="a">Z. 12 529</subfield>
  <subfield code="b">Editio Musica Budapest</subfield>
</datafield>
<datafield tag="040" ind1=" " ind2=" ">
  <subfield code="a">CBA001</subfield>
  <subfield code="b">cze</subfield>
  <subfield code="e">rda</subfield>
</datafield>
<datafield tag="041" ind1="0" ind2=" ">
  <subfield code="g">hun</subfield>
  <subfield code="g">ita</subfield>
</datafield>
<datafield tag="043" ind1=" " ind2=" ">
  <subfield code="a">e-it---</subfield>
</datafield>
<datafield tag="045" ind1=" " ind2=" ">
  <subfield code="a">v1v7</subfield>
</datafield>
<datafield tag="072" ind1=" " ind2="7">
  <subfield code="a">788</subfield>
  <subfield code="x">Hudba pro dechové nástroje</subfield>
  <subfield code="9">9</subfield>
  <subfield code="2">Konspekt</subfield>
</datafield>
<datafield tag="080" ind1=" " ind2=" ">
  <subfield code="a">(450)</subfield>
  <subfield code="2">MRF</subfield>
</datafield>
<datafield tag="080" ind1=" " ind2=" ">
  <subfield code="a">78.089.6.087</subfield>
  <subfield code="2">MRF</subfield>
</datafield>
<datafield tag="100" ind1="1" ind2=" ">
  <subfield code="a">Jommelli, Nicolo,</subfield>
  <subfield code="d">1714-1774</subfield>
  <subfield code="4">cmp</subfield>
  <subfield code="7">cbvk_us_auth*m0071299</subfield>
</datafield>
<datafield tag="245" ind1="1" ind2="0">
  <subfield code="a">3 sonate per flauti (o oboi o violini) e basso continuo /</subfield>
  <subfield code="c">Niccoló Jommelli ; közreadja Balla György, Pröhle Henrik = herausgegeben von Balla György, Pröhle Henrik = edited by Balla György, Pröhle Henrik</subfield>
</datafield>
<datafield tag="264" ind1=" " ind2="1">
  <subfield code="a">Budapest :</subfield>
  <subfield code="b">Editio Musica,</subfield>
  <subfield code="c">[1983]</subfield>
</datafield>
<datafield tag="264" ind1=" " ind2="4">
  <subfield code="c">©1983</subfield>
</datafield>
<datafield tag="300" ind1=" " ind2=" ">
  <subfield code="a">1 partitura (28 stran) +</subfield>
  <subfield code="e">3 hlasy (12, 12, 7 stran)</subfield>
</datafield>
<datafield tag="336" ind1=" " ind2=" ">
  <subfield code="a">zápis hudby</subfield>
  <subfield code="b">ntm</subfield>
  <subfield code="2">rdacontent</subfield>
</datafield>
<datafield tag="337" ind1=" " ind2=" ">
  <subfield code="a">bez média</subfield>
  <subfield code="b">n</subfield>
  <subfield code="2">rdamedia</subfield>
</datafield>
<datafield tag="338" ind1=" " ind2=" ">
  <subfield code="a">svazek</subfield>
  <subfield code="b">nc</subfield>
  <subfield code="2">rdacarrier</subfield>
</datafield>
<datafield tag="382" ind1="0" ind2="1">
  <subfield code="7">cbvk_us_auth*s0000342</subfield>
  <subfield code="a">flétna</subfield>
  <subfield code="n">2</subfield>
  <subfield code="a">basso continuo</subfield>
</datafield>
<datafield tag="382" ind1="0" ind2="1">
  <subfield code="7">cbvk_us_auth*s0000549</subfield>
  <subfield code="a">hoboj</subfield>
  <subfield code="n">2</subfield>
  <subfield code="a">basso continuo</subfield>
</datafield>
<datafield tag="382" ind1="0" ind2="1">
  <subfield code="7">cbvk_us_auth*s0000589</subfield>
  <subfield code="a">housle</subfield>
  <subfield code="n">2</subfield>
  <subfield code="a">basso continuo</subfield>
</datafield>
<datafield tag="648" ind1=" " ind2="7">
  <subfield code="7">cbvk_us_auth*k0000194</subfield>
  <subfield code="a">18. století</subfield>
  <subfield code="2">czenas</subfield>
</datafield>
<datafield tag="650" ind1="0" ind2="7">
  <subfield code="7">cbvk_us_auth*v0020796</subfield>
  <subfield code="a">sonáty</subfield>
  <subfield code="2">czenas</subfield>
  <subfield code="z">Itálie</subfield>
  <subfield code="y">18. století</subfield>
</datafield>
<datafield tag="655" ind1=" " ind2="7">
  <subfield code="7">cbvk_us_auth*f0000867</subfield>
  <subfield code="a">partitury a hlasy</subfield>
  <subfield code="2">czenas</subfield>
</datafield>
<datafield tag="700" ind1="1" ind2=" ">
  <subfield code="7">cbvk_us_auth*0253888</subfield>
  <subfield code="a">Balla, György,</subfield>
  <subfield code="d">1936-1986</subfield>
  <subfield code="4">edt</subfield>
</datafield>
<datafield tag="700" ind1="1" ind2=" ">
  <subfield code="7">cbvk_us_auth*0251065</subfield>
  <subfield code="a">Pröhle, Henrik</subfield>
  <subfield code="4">edt</subfield>
</datafield>
<datafield tag="910" ind1=" " ind2=" ">
  <subfield code="a">CBA001</subfield>
</datafield>
<datafield tag="928" ind1="9" ind2=" ">
  <subfield code="7">cbvk_us_auth*0186424</subfield>
  <subfield code="a">Editio Musica Budapest</subfield>
  <subfield code="4">pbl</subfield>
</datafield>
<datafield tag="969" ind1=" " ind2=" ">
  <subfield code="g">20181129</subfield>
</datafield>
<datafield tag="970" ind1=" " ind2=" ">
  <subfield code="b">H</subfield>
  <subfield code="k">hud</subfield>
</datafield>
<datafield tag="999" ind1=" " ind2=" ">
  <subfield code="a">9</subfield>
  <subfield code="b">CBVK</subfield>
  <subfield code="c">CBVK</subfield>
  <subfield code="d">CBA001/Seb-20020515#sys-20090125-11474301#sys-20100126#pe-20180608-84403497#pe-20181124-89715815#pe-20181128-89865563#arl-20190129-92084030#arl-20190220-92818150</subfield>
</datafield>
<datafield tag="C99" ind1=" " ind2=" ">
  <subfield code="d">DFLT_US_CAT_MU_C</subfield>
</datafield>
</record>