
<record>
<leader>00000ncm-a22     3i-4500</leader>
<controlfield tag="001">m0000476</controlfield>
<controlfield tag="003">CZ-CbJVK</controlfield>
<controlfield tag="005">20190220140814.3</controlfield>
<controlfield tag="007">qu</controlfield>
<controlfield tag="008">031009t19841984hu-snaeg------------zxx-d</controlfield>
<datafield tag="028" ind1="2" ind2="1">
  <subfield code="a">Z. 12 292</subfield>
  <subfield code="b">Editio Musica Budapest</subfield>
</datafield>
<datafield tag="040" ind1=" " ind2=" ">
  <subfield code="a">CBA001</subfield>
  <subfield code="b">cze</subfield>
  <subfield code="e">rda</subfield>
</datafield>
<datafield tag="041" ind1="0" ind2=" ">
  <subfield code="g">eng</subfield>
  <subfield code="g">ger</subfield>
  <subfield code="g">hun</subfield>
</datafield>
<datafield tag="043" ind1=" " ind2=" ">
  <subfield code="a">e-au---</subfield>
</datafield>
<datafield tag="045" ind1=" " ind2=" ">
  <subfield code="a">v3v9</subfield>
</datafield>
<datafield tag="072" ind1=" " ind2="7">
  <subfield code="a">787</subfield>
  <subfield code="x">Hudba pro strunné a smyčcové nástroje</subfield>
  <subfield code="9">9</subfield>
  <subfield code="2">Konspekt</subfield>
</datafield>
<datafield tag="080" ind1=" " ind2=" ">
  <subfield code="a">(436)</subfield>
  <subfield code="2">MRF</subfield>
</datafield>
<datafield tag="080" ind1=" " ind2=" ">
  <subfield code="a">787.1.082.2</subfield>
  <subfield code="2">MRF</subfield>
</datafield>
<datafield tag="080" ind1=" " ind2=" ">
  <subfield code="a">78.089.6.087</subfield>
  <subfield code="2">MRF</subfield>
</datafield>
<datafield tag="100" ind1="1" ind2=" ">
  <subfield code="a">Dittersdorf, Karl Ditters von,</subfield>
  <subfield code="d">1739-1799</subfield>
  <subfield code="4">cmp</subfield>
  <subfield code="7">cbvk_us_auth*m0032775</subfield>
</datafield>
<datafield tag="245" ind1="1" ind2="0">
  <subfield code="a">3 sonate :</subfield>
  <subfield code="b">per violino e basso continuo (pianoforte) /</subfield>
  <subfield code="c">Karl Ditters von Dittersdorf ; közreadja Balla György, Szeredi S. Gusztáv ; a continuót kidolgozta Balla György</subfield>
</datafield>
<datafield tag="264" ind1=" " ind2="1">
  <subfield code="a">Budapest :</subfield>
  <subfield code="b">Editio Musica Budapest,</subfield>
  <subfield code="c">[1984]</subfield>
</datafield>
<datafield tag="264" ind1=" " ind2="4">
  <subfield code="c">©1984</subfield>
</datafield>
<datafield tag="300" ind1=" " ind2=" ">
  <subfield code="a">1 partitura (40 stran) +</subfield>
  <subfield code="e">1 hlas (19 stran)</subfield>
</datafield>
<datafield tag="336" ind1=" " ind2=" ">
  <subfield code="a">zápis hudby</subfield>
  <subfield code="b">ntm</subfield>
  <subfield code="2">rdacontent</subfield>
</datafield>
<datafield tag="337" ind1=" " ind2=" ">
  <subfield code="a">bez média</subfield>
  <subfield code="b">n</subfield>
  <subfield code="2">rdamedia</subfield>
</datafield>
<datafield tag="338" ind1=" " ind2=" ">
  <subfield code="a">svazek</subfield>
  <subfield code="b">nc</subfield>
  <subfield code="2">rdacarrier</subfield>
</datafield>
<datafield tag="382" ind1="0" ind2="1">
  <subfield code="7">cbvk_us_auth*0037935</subfield>
  <subfield code="a">housle</subfield>
  <subfield code="n">1</subfield>
  <subfield code="a">klavír</subfield>
  <subfield code="n">1</subfield>
  <subfield code="s">2</subfield>
</datafield>
<datafield tag="648" ind1=" " ind2="7">
  <subfield code="7">cbvk_us_auth*k0000194</subfield>
  <subfield code="a">18. století</subfield>
  <subfield code="2">czenas</subfield>
</datafield>
<datafield tag="650" ind1="0" ind2="7">
  <subfield code="7">cbvk_us_auth*0032422</subfield>
  <subfield code="a">sonáty (housle, klavír)</subfield>
  <subfield code="z">Rakousko</subfield>
  <subfield code="y">18. století</subfield>
  <subfield code="2">czenas</subfield>
</datafield>
<datafield tag="655" ind1=" " ind2="7">
  <subfield code="7">cbvk_us_auth*f0000867</subfield>
  <subfield code="a">partitury a hlasy</subfield>
  <subfield code="2">czenas</subfield>
</datafield>
<datafield tag="700" ind1="1" ind2=" ">
  <subfield code="7">cbvk_us_auth*0253888</subfield>
  <subfield code="a">Balla, György,</subfield>
  <subfield code="d">1936-1986</subfield>
  <subfield code="4">edt</subfield>
</datafield>
<datafield tag="910" ind1=" " ind2=" ">
  <subfield code="a">CBA001</subfield>
</datafield>
<datafield tag="928" ind1="9" ind2=" ">
  <subfield code="7">cbvk_us_auth*0186424</subfield>
  <subfield code="a">Editio Musica Budapest</subfield>
  <subfield code="4">pbl</subfield>
</datafield>
<datafield tag="969" ind1=" " ind2=" ">
  <subfield code="g">20181210</subfield>
</datafield>
<datafield tag="970" ind1=" " ind2=" ">
  <subfield code="b">H</subfield>
  <subfield code="k">hud</subfield>
</datafield>
<datafield tag="999" ind1=" " ind2=" ">
  <subfield code="a">11</subfield>
  <subfield code="b">CBVK</subfield>
  <subfield code="c">CBVK</subfield>
  <subfield code="d">CBA001/Nvk-20031009#pe-20080717-8540504#lm-20080718-8547455#sys-20090125-11474305#sys-20100126#pe-20180818-86176945#pe-20181128-89865129#pe-20181208-90555644#arl-20190129-92084032#arl-20190220-92818152</subfield>
</datafield>
<datafield tag="C67" ind1=" " ind2=" ">
  <subfield code="a">CBA001-m0000476</subfield>
</datafield>
<datafield tag="C99" ind1=" " ind2=" ">
  <subfield code="d">DFLT_US_CAT_MU_C</subfield>
</datafield>
</record>