
<record>
<leader>00000ncm-a22     3i-4500</leader>
<controlfield tag="001">m0000486</controlfield>
<controlfield tag="003">CZ-CbJVK</controlfield>
<controlfield tag="005">20190220140814.7</controlfield>
<controlfield tag="007">qu</controlfield>
<controlfield tag="008">030709t19841984hu-zzaeg------------zxx-d</controlfield>
<datafield tag="028" ind1="2" ind2="1">
  <subfield code="a">Z. 12574</subfield>
  <subfield code="b">Editio Musica Budapest</subfield>
</datafield>
<datafield tag="040" ind1=" " ind2=" ">
  <subfield code="a">CBA001</subfield>
  <subfield code="b">cze</subfield>
  <subfield code="e">rda</subfield>
</datafield>
<datafield tag="043" ind1=" " ind2=" ">
  <subfield code="a">e-hu---</subfield>
</datafield>
<datafield tag="048" ind1=" " ind2=" ">
  <subfield code="b">wa01</subfield>
  <subfield code="a">ka01</subfield>
</datafield>
<datafield tag="072" ind1=" " ind2="7">
  <subfield code="a">788</subfield>
  <subfield code="x">Hudba pro dechové nástroje</subfield>
  <subfield code="9">9</subfield>
  <subfield code="2">Konspekt</subfield>
</datafield>
<datafield tag="080" ind1=" " ind2=" ">
  <subfield code="a">78.089.6.087</subfield>
  <subfield code="2">MRF</subfield>
</datafield>
<datafield tag="100" ind1="1" ind2=" ">
  <subfield code="7">cbvk_us_auth*m0049517</subfield>
  <subfield code="a">Gossec, F. J.</subfield>
  <subfield code="q">(François Joseph),</subfield>
  <subfield code="d">1734-1829</subfield>
  <subfield code="4">cmp</subfield>
</datafield>
<datafield tag="245" ind1="1" ind2="0">
  <subfield code="a">3 tambourins :</subfield>
  <subfield code="b">per flauto e pianoforte /</subfield>
  <subfield code="c">herausgegeben von Bántai Vilmos, B. Sipos Éva</subfield>
</datafield>
<datafield tag="264" ind1=" " ind2="1">
  <subfield code="a">Budapest (Maďarsko) :</subfield>
  <subfield code="b">Editio Musica Budapest,</subfield>
  <subfield code="c">[1984]</subfield>
</datafield>
<datafield tag="264" ind1=" " ind2="4">
  <subfield code="c">©1984</subfield>
</datafield>
<datafield tag="300" ind1=" " ind2=" ">
  <subfield code="a">1 partitura (8 stran) +</subfield>
  <subfield code="e">1 hlas (4 strany)</subfield>
</datafield>
<datafield tag="336" ind1=" " ind2=" ">
  <subfield code="a">zápis hudby</subfield>
  <subfield code="b">ntm</subfield>
  <subfield code="2">rdacontent</subfield>
</datafield>
<datafield tag="337" ind1=" " ind2=" ">
  <subfield code="a">bez média</subfield>
  <subfield code="b">n</subfield>
  <subfield code="2">rdamedia</subfield>
</datafield>
<datafield tag="338" ind1=" " ind2=" ">
  <subfield code="a">svazek</subfield>
  <subfield code="b">nc</subfield>
  <subfield code="2">rdacarrier</subfield>
</datafield>
<datafield tag="382" ind1="0" ind2="1">
  <subfield code="7">cbvk_us_auth*s0000396</subfield>
  <subfield code="a">flétna</subfield>
  <subfield code="n">1</subfield>
  <subfield code="a">klavír</subfield>
  <subfield code="n">1</subfield>
  <subfield code="s">2</subfield>
</datafield>
<datafield tag="500" ind1=" " ind2=" ">
  <subfield code="a">Obsahuje díla těchto skladatelů: J.Ph. Rameau -- J.A. Hasse -- F.J. Gossec</subfield>
</datafield>
<datafield tag="648" ind1=" " ind2="7">
  <subfield code="7">cbvk_us_auth*k0000190</subfield>
  <subfield code="a">17.-18. století</subfield>
  <subfield code="2">czenas</subfield>
</datafield>
<datafield tag="650" ind1="0" ind2="7">
  <subfield code="7">cbvk_us_auth*v0004138</subfield>
  <subfield code="a">drobné skladby</subfield>
  <subfield code="2">czenas</subfield>
</datafield>
<datafield tag="650" ind1="0" ind2="7">
  <subfield code="7">cbvk_us_auth*v0022434</subfield>
  <subfield code="a">tance</subfield>
  <subfield code="y">17.-18. století</subfield>
  <subfield code="2">czenas</subfield>
</datafield>
<datafield tag="655" ind1=" " ind2="7">
  <subfield code="7">cbvk_us_auth*f0000867</subfield>
  <subfield code="a">partitury a hlasy</subfield>
  <subfield code="2">czenas</subfield>
</datafield>
<datafield tag="700" ind1="1" ind2=" ">
  <subfield code="a">Hasse, Johann Adolf,</subfield>
  <subfield code="d">1699-1783</subfield>
  <subfield code="4">cmp</subfield>
  <subfield code="7">cbvk_us_auth*m0054976</subfield>
</datafield>
<datafield tag="700" ind1="1" ind2=" ">
  <subfield code="a">Rameau, Jean Philippe,</subfield>
  <subfield code="d">1683-1764</subfield>
  <subfield code="4">cmp</subfield>
  <subfield code="7">cbvk_us_auth*m0134527</subfield>
</datafield>
<datafield tag="700" ind1="1" ind2=" ">
  <subfield code="7">cbvk_us_auth*m0006317</subfield>
  <subfield code="a">Bántai, Vilmos,</subfield>
  <subfield code="d">1922-1985</subfield>
  <subfield code="4">edt</subfield>
</datafield>
<datafield tag="910" ind1=" " ind2=" ">
  <subfield code="a">CBA001</subfield>
</datafield>
<datafield tag="928" ind1="9" ind2=" ">
  <subfield code="7">cbvk_us_auth*0186424</subfield>
  <subfield code="a">Editio Musica Budapest</subfield>
  <subfield code="4">pbl</subfield>
</datafield>
<datafield tag="969" ind1=" " ind2=" ">
  <subfield code="g">20181221</subfield>
</datafield>
<datafield tag="970" ind1=" " ind2=" ">
  <subfield code="b">H</subfield>
</datafield>
<datafield tag="999" ind1=" " ind2=" ">
  <subfield code="a">10</subfield>
  <subfield code="b">CBVK</subfield>
  <subfield code="c">CBVK</subfield>
  <subfield code="d">CBA001/Seb-20030709#sys-20090125-11474321#sys-20100126#pe-20181016-88414569#pe-20181221-91000784#arl-20190129-92084040#arl-20190220-92818159</subfield>
</datafield>
<datafield tag="C67" ind1=" " ind2=" ">
  <subfield code="a">CBA001-m0000486</subfield>
</datafield>
<datafield tag="C99" ind1=" " ind2=" ">
  <subfield code="d">DFLT_US_CAT_MU_C</subfield>
</datafield>
</record>