
<record>
<leader>00000nam-a22     3a-4500</leader>
<controlfield tag="001">m0000531</controlfield>
<controlfield tag="003">CZ-CbJVK</controlfield>
<controlfield tag="005">20200818151442.6</controlfield>
<controlfield tag="007">ta</controlfield>
<controlfield tag="008">980428s1986----xr-                 cze-|</controlfield>
<datafield tag="015" ind1=" " ind2=" ">
  <subfield code="a">cnb000030857</subfield>
</datafield>
<datafield tag="035" ind1=" " ind2=" ">
  <subfield code="a">(OCoLC)39417989</subfield>
</datafield>
<datafield tag="040" ind1=" " ind2=" ">
  <subfield code="a">CBA001</subfield>
  <subfield code="b">cze</subfield>
</datafield>
<datafield tag="080" ind1=" " ind2=" ">
  <subfield code="a">821.111-31</subfield>
  <subfield code="2">MRF</subfield>
</datafield>
<datafield tag="100" ind1="1" ind2=" ">
  <subfield code="7">cbvk_us_auth*m0067099</subfield>
  <subfield code="a">James, P. D.,</subfield>
  <subfield code="d">1920-2014</subfield>
  <subfield code="4">aut</subfield>
</datafield>
<datafield tag="245" ind1="1" ind2="0">
  <subfield code="a">3x Adam Dalgliesh /</subfield>
  <subfield code="c">Phyllis Dorothy Jamesová ; [z anglických originálů přeložili J. Z. Novák, Šimon Pellar a Josef Schwarz ; doslov napsal František Jungwirth]</subfield>
</datafield>
<datafield tag="250" ind1=" " ind2=" ">
  <subfield code="a">Vyd. 1.</subfield>
</datafield>
<datafield tag="260" ind1=" " ind2=" ">
  <subfield code="a">Praha :</subfield>
  <subfield code="b">Odeon,</subfield>
  <subfield code="c">1986</subfield>
</datafield>
<datafield tag="300" ind1=" " ind2=" ">
  <subfield code="a">621 s.</subfield>
</datafield>
<datafield tag="490" ind1="1" ind2=" ">
  <subfield code="a">3x</subfield>
</datafield>
<datafield tag="505" ind1="0" ind2="0">
  <subfield code="t">Případ pro psychiatra --</subfield>
  <subfield code="t">Z příčin nikoli přirozených --</subfield>
  <subfield code="t">Povolání pro ženu nevhodné</subfield>
</datafield>
<datafield tag="650" ind1=" " ind2="7">
  <subfield code="7">cbvk_us_auth*v0000619</subfield>
  <subfield code="a">anglická literatura</subfield>
  <subfield code="2">czenas</subfield>
</datafield>
<datafield tag="655" ind1=" " ind2="7">
  <subfield code="7">cbvk_us_auth*f0000263</subfield>
  <subfield code="a">detektivní romány</subfield>
  <subfield code="2">czenas</subfield>
</datafield>
<datafield tag="700" ind1="1" ind2=" ">
  <subfield code="a">Pellar, Šimon,</subfield>
  <subfield code="d">1948-</subfield>
  <subfield code="4">trl</subfield>
  <subfield code="7">cbvk_us_auth*m0124416</subfield>
</datafield>
<datafield tag="700" ind1="1" ind2=" ">
  <subfield code="a">Jungwirth, František,</subfield>
  <subfield code="d">1920-1997</subfield>
  <subfield code="4">aui</subfield>
  <subfield code="7">cbvk_us_auth*m0071953</subfield>
</datafield>
<datafield tag="700" ind1="1" ind2=" ">
  <subfield code="7">cbvk_us_auth*m0116534</subfield>
  <subfield code="a">Novák, Jiří Zdeněk,</subfield>
  <subfield code="d">1912-2001</subfield>
  <subfield code="4">trl</subfield>
</datafield>
<datafield tag="700" ind1="1" ind2=" ">
  <subfield code="a">Schwarz, Josef,</subfield>
  <subfield code="d">1915-2003</subfield>
  <subfield code="4">trl</subfield>
  <subfield code="7">cbvk_us_auth*m0144791</subfield>
</datafield>
<datafield tag="830" ind1=" " ind2="0">
  <subfield code="a">3x (Odeon)</subfield>
  <subfield code="7">cbvk_us_auth*0019883</subfield>
</datafield>
<datafield tag="852" ind1=" " ind2=" ">
  <subfield code="b">B</subfield>
</datafield>
<datafield tag="856" ind1="4" ind2="1">
  <subfield code="u">https://ndk.cz/uuid/uuid:2e417040-1077-11e3-9923-005056827e52</subfield>
  <subfield code="y">Digitalizovaný dokument</subfield>
  <subfield code="3">DNNT</subfield>
</datafield>
<datafield tag="910" ind1=" " ind2=" ">
  <subfield code="a">CBA001</subfield>
</datafield>
<datafield tag="969" ind1=" " ind2=" ">
  <subfield code="f">N</subfield>
  <subfield code="g">20100126</subfield>
</datafield>
<datafield tag="970" ind1=" " ind2=" ">
  <subfield code="b">AMG</subfield>
</datafield>
<datafield tag="981" ind1=" " ind2=" ">
  <subfield code="b">49.00</subfield>
</datafield>
<datafield tag="999" ind1=" " ind2=" ">
  <subfield code="a">10</subfield>
  <subfield code="b">CBVK</subfield>
  <subfield code="c">CBVK</subfield>
  <subfield code="d">CBA 001/Junk-19980428#br-20070702-3470402#sys-20070906#mh-20070910-4197465#sys-20070911#sys-20090125-11474387#sys-20100126#sys-20200818-110808389</subfield>
</datafield>
<datafield tag="C72" ind1=" " ind2=" ">
  <subfield code="a">821.111-3</subfield>
  <subfield code="9">25</subfield>
  <subfield code="x">Anglická próza</subfield>
</datafield>
<datafield tag="C99" ind1=" " ind2=" ">
  <subfield code="d">DFLT_US_CAT_BK_A</subfield>
  <subfield code="a">016020003099208</subfield>
</datafield>
</record>