
<record>
<leader>01527cam-a2200445---4500</leader>
<controlfield tag="001">m0000541</controlfield>
<controlfield tag="003">CZ-CbJVK</controlfield>
<controlfield tag="005">20200818152344.8</controlfield>
<controlfield tag="007">ta</controlfield>
<controlfield tag="008">890119s1988----xr-----e------000-f-cze--</controlfield>
<datafield tag="015" ind1=" " ind2=" ">
  <subfield code="a">cnb000043157</subfield>
</datafield>
<datafield tag="020" ind1=" " ind2=" ">
  <subfield code="a">(Váz.)</subfield>
</datafield>
<datafield tag="035" ind1=" " ind2=" ">
  <subfield code="a">(OCoLC)39429798</subfield>
</datafield>
<datafield tag="040" ind1=" " ind2=" ">
  <subfield code="a">ABA001</subfield>
  <subfield code="b">cze</subfield>
  <subfield code="d">ABA001</subfield>
  <subfield code="d">CBA001</subfield>
</datafield>
<datafield tag="041" ind1="1" ind2=" ">
  <subfield code="a">cze</subfield>
  <subfield code="h">fre</subfield>
</datafield>
<datafield tag="072" ind1=" " ind2="7">
  <subfield code="a">821.133.1-3</subfield>
  <subfield code="x">Francouzská próza, francouzsky psaná</subfield>
  <subfield code="2">Konspekt</subfield>
  <subfield code="9">25</subfield>
</datafield>
<datafield tag="080" ind1=" " ind2=" ">
  <subfield code="a">(0:82-312.4)</subfield>
  <subfield code="2">MRF</subfield>
</datafield>
<datafield tag="080" ind1=" " ind2=" ">
  <subfield code="a">821.133.1-31</subfield>
  <subfield code="2">MRF</subfield>
</datafield>
<datafield tag="100" ind1="1" ind2=" ">
  <subfield code="7">cbvk_us_auth*m0014555</subfield>
  <subfield code="a">Borniche, Roger,</subfield>
  <subfield code="d">1919-</subfield>
  <subfield code="4">aut</subfield>
</datafield>
<datafield tag="245" ind1="1" ind2="0">
  <subfield code="a">3x inspektor Borniche /</subfield>
  <subfield code="c">Roger Borniche ; [přeložily Růžena Steklačová, Hana Müllerová, Věra Dvořáková]</subfield>
</datafield>
<datafield tag="246" ind1="1" ind2="4">
  <subfield code="a">Třikrát inspektor Borniche</subfield>
</datafield>
<datafield tag="250" ind1=" " ind2=" ">
  <subfield code="a">Vyd. 1.</subfield>
</datafield>
<datafield tag="260" ind1=" " ind2=" ">
  <subfield code="a">Praha :</subfield>
  <subfield code="b">Odeon,</subfield>
  <subfield code="c">1988</subfield>
</datafield>
<datafield tag="300" ind1=" " ind2=" ">
  <subfield code="a">664 s. ;</subfield>
  <subfield code="c">21 cm</subfield>
</datafield>
<datafield tag="490" ind1="1" ind2=" ">
  <subfield code="a">3x</subfield>
</datafield>
<datafield tag="500" ind1=" " ind2=" ">
  <subfield code="a">100000 výt.</subfield>
</datafield>
<datafield tag="500" ind1=" " ind2=" ">
  <subfield code="a">Přeloženo z francouzštiny</subfield>
</datafield>
<datafield tag="505" ind1="0" ind2="0">
  <subfield code="t">Povídka o policajtovi --</subfield>
  <subfield code="t">Gringo --</subfield>
  <subfield code="t">Malťan</subfield>
</datafield>
<datafield tag="655" ind1=" " ind2="7">
  <subfield code="7">cbvk_us_auth*f0000395</subfield>
  <subfield code="a">francouzské romány</subfield>
  <subfield code="2">czenas</subfield>
</datafield>
<datafield tag="655" ind1=" " ind2="7">
  <subfield code="7">cbvk_us_auth*f0000263</subfield>
  <subfield code="a">detektivní romány</subfield>
  <subfield code="2">czenas</subfield>
</datafield>
<datafield tag="700" ind1="1" ind2=" ">
  <subfield code="7">cbvk_us_auth*m0111522</subfield>
  <subfield code="a">Müllerová, Hana</subfield>
  <subfield code="4">trl</subfield>
</datafield>
<datafield tag="700" ind1="1" ind2=" ">
  <subfield code="7">cbvk_us_auth*m0154154</subfield>
  <subfield code="a">Steklačová, Růžena,</subfield>
  <subfield code="d">1945-</subfield>
  <subfield code="4">trl</subfield>
</datafield>
<datafield tag="700" ind1="1" ind2=" ">
  <subfield code="7">cbvk_us_auth*m0037456</subfield>
  <subfield code="a">Dvořáková, Věra,</subfield>
  <subfield code="d">1927-2019</subfield>
  <subfield code="4">trl</subfield>
</datafield>
<datafield tag="765" ind1="0" ind2=" ">
  <subfield code="t">Flic story</subfield>
  <subfield code="9">Česky</subfield>
</datafield>
<datafield tag="765" ind1="0" ind2=" ">
  <subfield code="t">Gringo</subfield>
  <subfield code="9">Česky</subfield>
</datafield>
<datafield tag="765" ind1="0" ind2=" ">
  <subfield code="t">Maltais</subfield>
  <subfield code="9">Česky</subfield>
</datafield>
<datafield tag="830" ind1=" " ind2="0">
  <subfield code="a">3x (Odeon)</subfield>
  <subfield code="7">cbvk_us_auth*0019883</subfield>
</datafield>
<datafield tag="852" ind1=" " ind2=" ">
  <subfield code="b">B</subfield>
</datafield>
<datafield tag="856" ind1="4" ind2="1">
  <subfield code="u">https://ndk.cz/uuid/uuid:0b3dd380-bbdb-11e3-b833-005056827e52</subfield>
  <subfield code="y">Digitalizovaný dokument</subfield>
  <subfield code="3">DNNT</subfield>
</datafield>
<datafield tag="910" ind1=" " ind2=" ">
  <subfield code="a">CBA001</subfield>
</datafield>
<datafield tag="928" ind1="9" ind2=" ">
  <subfield code="7">cbvk_us_auth*p0014912</subfield>
  <subfield code="a">Odeon</subfield>
  <subfield code="4">pbl</subfield>
</datafield>
<datafield tag="969" ind1=" " ind2=" ">
  <subfield code="f">N</subfield>
  <subfield code="g">20110415</subfield>
</datafield>
<datafield tag="970" ind1=" " ind2=" ">
  <subfield code="b">AMG</subfield>
  <subfield code="k">stch</subfield>
  <subfield code="k">ben</subfield>
</datafield>
<datafield tag="999" ind1=" " ind2=" ">
  <subfield code="a">16</subfield>
  <subfield code="b">CBVK</subfield>
  <subfield code="c">CBVK</subfield>
  <subfield code="d">CBA 001/Kov-19970219#sys-20070906#mh-20070910-4197467#sys-20070911#sys-20090125-11474403#sys-20100126#vostracka-20110406-26113291#lm-20110408-26165397#es-20110408-26184159#jb-20110415-26335823#sys-20200818-110817685</subfield>
</datafield>
<datafield tag="C99" ind1=" " ind2=" ">
  <subfield code="a">ck8900430</subfield>
  <subfield code="d">DFLT_US_CAT_BK_A</subfield>
</datafield>
</record>