
<record>
<leader>01480cam-a22004092a-4500</leader>
<controlfield tag="001">m0000573</controlfield>
<controlfield tag="003">CZ-CbJVK</controlfield>
<controlfield tag="005">20210208160348.5</controlfield>
<controlfield tag="007">ta</controlfield>
<controlfield tag="008">121011s1991----xr-----er-----000-j-cze-d</controlfield>
<datafield tag="015" ind1=" " ind2=" ">
  <subfield code="a">cnb000062406</subfield>
</datafield>
<datafield tag="020" ind1=" " ind2=" ">
  <subfield code="a">80-207-0301-2</subfield>
  <subfield code="q">(váz.) :</subfield>
  <subfield code="c">65 Kčs</subfield>
</datafield>
<datafield tag="035" ind1=" " ind2=" ">
  <subfield code="a">(OCoLC)39573043</subfield>
</datafield>
<datafield tag="040" ind1=" " ind2=" ">
  <subfield code="a">ABA001</subfield>
  <subfield code="b">cze</subfield>
  <subfield code="d">ABA001</subfield>
  <subfield code="d">CBA001</subfield>
</datafield>
<datafield tag="041" ind1="1" ind2=" ">
  <subfield code="a">cze</subfield>
  <subfield code="h">eng</subfield>
</datafield>
<datafield tag="072" ind1=" " ind2="7">
  <subfield code="a">821.111-3</subfield>
  <subfield code="x">Anglická próza, anglicky psaná</subfield>
  <subfield code="9">25</subfield>
  <subfield code="2">Konspekt</subfield>
</datafield>
<datafield tag="080" ind1=" " ind2=" ">
  <subfield code="a">(0:82-312.4)</subfield>
  <subfield code="2">MRF</subfield>
</datafield>
<datafield tag="080" ind1=" " ind2=" ">
  <subfield code="a">821.111-31</subfield>
  <subfield code="2">MRF</subfield>
</datafield>
<datafield tag="100" ind1="1" ind2=" ">
  <subfield code="7">cbvk_us_auth*m0022680</subfield>
  <subfield code="a">Christie, Agatha,</subfield>
  <subfield code="d">1890-1976</subfield>
  <subfield code="4">aut</subfield>
</datafield>
<datafield tag="245" ind1="1" ind2="0">
  <subfield code="a">3x slečna Marplová /</subfield>
  <subfield code="c">Agatha Christieová ; přeložili Vlasta Dvořáčková, Karel Voleský, Jan Zábrana ; doslov Jan Zábrana</subfield>
</datafield>
<datafield tag="246" ind1="3" ind2="3">
  <subfield code="a">Třikrát slečna Marplová</subfield>
</datafield>
<datafield tag="250" ind1=" " ind2=" ">
  <subfield code="a">Vyd. 3.</subfield>
</datafield>
<datafield tag="260" ind1=" " ind2=" ">
  <subfield code="a">Praha :</subfield>
  <subfield code="b">Odeon,</subfield>
  <subfield code="c">1991</subfield>
</datafield>
<datafield tag="300" ind1=" " ind2=" ">
  <subfield code="a">472 s. ;</subfield>
  <subfield code="c">21 cm</subfield>
</datafield>
<datafield tag="500" ind1=" " ind2=" ">
  <subfield code="a">Přeloženo z angličtiny</subfield>
</datafield>
<datafield tag="505" ind1="0" ind2="0">
  <subfield code="t">Není kouře bez ohýnku --</subfield>
  <subfield code="t">Mrtvá v knihovně --</subfield>
  <subfield code="t">Kapsa plná žita</subfield>
</datafield>
<datafield tag="520" ind1="3" ind2=" ">
  <subfield code="a">Tři detektivní příběhy se odehrávají převážně v prostředí anglických středostavovských rodin</subfield>
  <subfield code="c">okcz</subfield>
  <subfield code="u">https://www.obalkyknih.cz/view?isbn=9788020703019</subfield>
  <subfield code="2">Web obalkyknih.cz</subfield>
</datafield>
<datafield tag="655" ind1=" " ind2="7">
  <subfield code="7">cbvk_us_auth*f0000045</subfield>
  <subfield code="a">anglické romány</subfield>
  <subfield code="2">czenas</subfield>
</datafield>
<datafield tag="655" ind1=" " ind2="7">
  <subfield code="7">cbvk_us_auth*f0000263</subfield>
  <subfield code="a">detektivní romány</subfield>
  <subfield code="2">czenas</subfield>
</datafield>
<datafield tag="700" ind1="1" ind2=" ">
  <subfield code="7">cbvk_us_auth*m0185945</subfield>
  <subfield code="a">Zábrana, Jan,</subfield>
  <subfield code="d">1931-1984</subfield>
  <subfield code="4">trl</subfield>
  <subfield code="4">aui</subfield>
</datafield>
<datafield tag="700" ind1="1" ind2=" ">
  <subfield code="7">cbvk_us_auth*m0037014</subfield>
  <subfield code="a">Dvořáčková, Vlasta,</subfield>
  <subfield code="d">1924-2018</subfield>
  <subfield code="4">trl</subfield>
</datafield>
<datafield tag="700" ind1="1" ind2=" ">
  <subfield code="7">cbvk_us_auth*m0178890</subfield>
  <subfield code="a">Voleský, Karel,</subfield>
  <subfield code="d">1925-1993</subfield>
  <subfield code="4">trl</subfield>
</datafield>
<datafield tag="700" ind1="1" ind2="2">
  <subfield code="7">cbvk_us_auth*0249797</subfield>
  <subfield code="a">Christie, Agatha,</subfield>
  <subfield code="d">1890-1976.</subfield>
  <subfield code="t">Moving finger.</subfield>
  <subfield code="l">Česky</subfield>
</datafield>
<datafield tag="700" ind1="1" ind2="2">
  <subfield code="7">cbvk_us_auth*0258948</subfield>
  <subfield code="a">Christie, Agatha,</subfield>
  <subfield code="d">1890-1976.</subfield>
  <subfield code="t">Body in the library.</subfield>
  <subfield code="l">Česky</subfield>
</datafield>
<datafield tag="700" ind1="1" ind2="2">
  <subfield code="7">cbvk_us_auth*0245540</subfield>
  <subfield code="a">Christie, Agatha,</subfield>
  <subfield code="d">1890-1976.</subfield>
  <subfield code="t">Pocket full of rye.</subfield>
  <subfield code="l">Česky</subfield>
</datafield>
<datafield tag="852" ind1=" " ind2=" ">
  <subfield code="b">B</subfield>
</datafield>
<datafield tag="856" ind1="4" ind2="1">
  <subfield code="3">Digitalizovaný dokument</subfield>
  <subfield code="u">http://krameriusndktest.mzk.cz/search/handle/uuid:bd6d41b0-1df3-11e4-8f64-005056827e52</subfield>
  <subfield code="y">Digitalizovaný dokument</subfield>
</datafield>
<datafield tag="856" ind1="4" ind2="1">
  <subfield code="u">https://ndk.cz/uuid/uuid:bd6d41b0-1df3-11e4-8f64-005056827e52</subfield>
  <subfield code="y">Digitalizovaný dokument</subfield>
  <subfield code="3">DNNT</subfield>
</datafield>
<datafield tag="910" ind1=" " ind2=" ">
  <subfield code="a">CBA001</subfield>
</datafield>
<datafield tag="928" ind1="9" ind2=" ">
  <subfield code="7">cbvk_us_auth*p0014912</subfield>
  <subfield code="a">Odeon</subfield>
  <subfield code="4">pbl</subfield>
</datafield>
<datafield tag="970" ind1=" " ind2=" ">
  <subfield code="b">AMG</subfield>
  <subfield code="k">krb</subfield>
</datafield>
<datafield tag="999" ind1=" " ind2=" ">
  <subfield code="a">115</subfield>
  <subfield code="b">CBVK</subfield>
  <subfield code="c">CBVK</subfield>
  <subfield code="d">CBA 001/Brz-19990517#..#i2.okx.sync-20180408-82722985#i2.okx.sync-20180409-82764320#i2.okx.sync-20180410-82831583#i2.okx.sync-20180411-82891594#i2.okx.sync-20200312-106315199#i2.okx.sync-20200317-106491004#sys-20210208-115621918</subfield>
</datafield>
<datafield tag="C99" ind1=" " ind2=" ">
  <subfield code="a">001256496</subfield>
  <subfield code="d">DFLT_US_CAT_BK_A</subfield>
</datafield>
</record>