
<record>
<leader>00000nam-a22     3a-4500</leader>
<controlfield tag="001">m0000584</controlfield>
<controlfield tag="003">CZ-CbJVK</controlfield>
<controlfield tag="005">20200818151517.3</controlfield>
<controlfield tag="007">ta</controlfield>
<controlfield tag="008">960911s1987----xr-----e------000-f-cze-d</controlfield>
<datafield tag="015" ind1=" " ind2=" ">
  <subfield code="a">cnb000031874</subfield>
</datafield>
<datafield tag="020" ind1=" " ind2=" ">
  <subfield code="a">(Váz.)</subfield>
</datafield>
<datafield tag="035" ind1=" " ind2=" ">
  <subfield code="a">(OCoLC)39436012</subfield>
</datafield>
<datafield tag="040" ind1=" " ind2=" ">
  <subfield code="a">CBA001</subfield>
  <subfield code="b">cze</subfield>
</datafield>
<datafield tag="041" ind1="1" ind2=" ">
  <subfield code="a">cze</subfield>
  <subfield code="h">eng</subfield>
</datafield>
<datafield tag="072" ind1=" " ind2="7">
  <subfield code="a">821.111-3</subfield>
  <subfield code="x">Anglická próza, anglicky psaná</subfield>
  <subfield code="9">25</subfield>
  <subfield code="2">Konspekt</subfield>
</datafield>
<datafield tag="080" ind1=" " ind2=" ">
  <subfield code="a">(0:82-312.4)</subfield>
  <subfield code="2">MRF</subfield>
</datafield>
<datafield tag="080" ind1=" " ind2=" ">
  <subfield code="a">821.111-31</subfield>
  <subfield code="2">MRF</subfield>
</datafield>
<datafield tag="100" ind1="1" ind2=" ">
  <subfield code="7">cbvk_us_auth*m0135980</subfield>
  <subfield code="a">Rendell, Ruth,</subfield>
  <subfield code="d">1930-2015</subfield>
  <subfield code="4">aut</subfield>
</datafield>
<datafield tag="245" ind1="1" ind2="0">
  <subfield code="a">3x v blízkosti vraha /</subfield>
  <subfield code="c">Ruth Rendelová ; [z anglických originálů přeložily Eva Marxová a Hana Bělohradská ; doslov Lubomír Dorůžka]</subfield>
</datafield>
<datafield tag="246" ind1="3" ind2=" ">
  <subfield code="a">Třikrát v blízkosti vraha</subfield>
</datafield>
<datafield tag="250" ind1=" " ind2=" ">
  <subfield code="a">Vyd. 1.</subfield>
</datafield>
<datafield tag="260" ind1=" " ind2=" ">
  <subfield code="a">Praha :</subfield>
  <subfield code="b">Odeon,</subfield>
  <subfield code="c">1987</subfield>
</datafield>
<datafield tag="300" ind1=" " ind2=" ">
  <subfield code="a">473 s. ;</subfield>
  <subfield code="c">21 cm</subfield>
</datafield>
<datafield tag="490" ind1="1" ind2=" ">
  <subfield code="a">3x</subfield>
</datafield>
<datafield tag="505" ind1="0" ind2="0">
  <subfield code="t">Pochmurný dům --</subfield>
  <subfield code="t">Dvojí tvář --</subfield>
  <subfield code="t">Podoba ďábla</subfield>
</datafield>
<datafield tag="655" ind1=" " ind2="7">
  <subfield code="7">cbvk_us_auth*f0000045</subfield>
  <subfield code="a">anglické romány</subfield>
  <subfield code="2">czenas</subfield>
</datafield>
<datafield tag="655" ind1=" " ind2="7">
  <subfield code="7">cbvk_us_auth*f0000263</subfield>
  <subfield code="a">detektivní romány</subfield>
  <subfield code="2">czenas</subfield>
</datafield>
<datafield tag="700" ind1="1" ind2=" ">
  <subfield code="7">cbvk_us_auth*m0102301</subfield>
  <subfield code="a">Marxová, Eva,</subfield>
  <subfield code="d">1927-</subfield>
  <subfield code="4">trl</subfield>
</datafield>
<datafield tag="700" ind1="1" ind2=" ">
  <subfield code="7">cbvk_us_auth*m0034377</subfield>
  <subfield code="a">Dorůžka, Lubomír,</subfield>
  <subfield code="d">1924-2013</subfield>
  <subfield code="4">aft</subfield>
</datafield>
<datafield tag="700" ind1="1" ind2=" ">
  <subfield code="7">cbvk_us_auth*m0009254</subfield>
  <subfield code="a">Bělohradská, Hana,</subfield>
  <subfield code="d">1929-2005</subfield>
  <subfield code="4">trl</subfield>
</datafield>
<datafield tag="765" ind1="0" ind2=" ">
  <subfield code="t">Judgement in stone</subfield>
  <subfield code="9">Česky</subfield>
</datafield>
<datafield tag="765" ind1="0" ind2=" ">
  <subfield code="t">Face of trespass</subfield>
  <subfield code="9">Česky</subfield>
</datafield>
<datafield tag="765" ind1="0" ind2=" ">
  <subfield code="t">Demon in my view</subfield>
  <subfield code="9">Česky</subfield>
</datafield>
<datafield tag="830" ind1=" " ind2="0">
  <subfield code="a">3x (Odeon)</subfield>
  <subfield code="7">cbvk_us_auth*0019883</subfield>
</datafield>
<datafield tag="852" ind1=" " ind2=" ">
  <subfield code="b">B</subfield>
</datafield>
<datafield tag="856" ind1="4" ind2="1">
  <subfield code="u">https://ndk.cz/uuid/uuid:db9bbc40-37e2-11e3-a5bb-005056827e52</subfield>
  <subfield code="y">Digitalizovaný dokument</subfield>
  <subfield code="3">DNNT</subfield>
</datafield>
<datafield tag="910" ind1=" " ind2=" ">
  <subfield code="a">CBA001</subfield>
</datafield>
<datafield tag="928" ind1="9" ind2=" ">
  <subfield code="7">cbvk_us_auth*p0014912</subfield>
  <subfield code="a">Odeon</subfield>
  <subfield code="4">pbl</subfield>
</datafield>
<datafield tag="969" ind1=" " ind2=" ">
  <subfield code="f">N</subfield>
  <subfield code="g">20140708</subfield>
</datafield>
<datafield tag="970" ind1=" " ind2=" ">
  <subfield code="b">AMG</subfield>
  <subfield code="k">vmi</subfield>
</datafield>
<datafield tag="981" ind1=" " ind2=" ">
  <subfield code="b">43.00</subfield>
</datafield>
<datafield tag="999" ind1=" " ind2=" ">
  <subfield code="a">13</subfield>
  <subfield code="b">CBVK</subfield>
  <subfield code="c">CBVK</subfield>
  <subfield code="d">CBA 001/Riegr-19960911#sys-20070906#mh-20070910-4197484#sys-20070911#sys-20090125-11474481#pr-20090728-15152129#sys-20100126#volenova-20140708-49614928#sys-20200818-110809102</subfield>
</datafield>
<datafield tag="C99" ind1=" " ind2=" ">
  <subfield code="d">DFLT_US_CAT_BK_A</subfield>
  <subfield code="a">kpw01522425</subfield>
</datafield>
</record>