
<record>
<leader>00000nam-a22     3a-4500</leader>
<controlfield tag="001">m0000591</controlfield>
<controlfield tag="003">CZ-CbJVK</controlfield>
<controlfield tag="005">20200818160718.3</controlfield>
<controlfield tag="007">ta</controlfield>
<controlfield tag="008">990520s1981----xr-----e------000-f-cze-d</controlfield>
<datafield tag="015" ind1=" " ind2=" ">
  <subfield code="a">cnb000119736</subfield>
</datafield>
<datafield tag="020" ind1=" " ind2=" ">
  <subfield code="a">(Váz.)</subfield>
</datafield>
<datafield tag="040" ind1=" " ind2=" ">
  <subfield code="a">CBA001</subfield>
  <subfield code="b">cze</subfield>
</datafield>
<datafield tag="041" ind1="1" ind2=" ">
  <subfield code="a">cze</subfield>
  <subfield code="h">eng</subfield>
</datafield>
<datafield tag="072" ind1=" " ind2="7">
  <subfield code="a">821.111-3</subfield>
  <subfield code="x">Anglická próza, anglicky psaná</subfield>
  <subfield code="9">25</subfield>
  <subfield code="2">Konspekt</subfield>
</datafield>
<datafield tag="080" ind1=" " ind2=" ">
  <subfield code="a">(0:82-312.4)</subfield>
  <subfield code="2">MRF</subfield>
</datafield>
<datafield tag="080" ind1=" " ind2=" ">
  <subfield code="a">821.111-31</subfield>
  <subfield code="2">MRF</subfield>
</datafield>
<datafield tag="100" ind1="1" ind2=" ">
  <subfield code="a">Chase, James Hadley,</subfield>
  <subfield code="d">1906-1985</subfield>
  <subfield code="4">aut</subfield>
  <subfield code="7">cbvk_us_auth*m0021787</subfield>
</datafield>
<datafield tag="245" ind1="1" ind2="0">
  <subfield code="a">3x v slepé uličce /</subfield>
  <subfield code="c">James Hadley Chase ; [přeložili Radoslav Nenadál, Olga Rychlíková, Jaroslava Moserová]</subfield>
</datafield>
<datafield tag="246" ind1="3" ind2=" ">
  <subfield code="a">Třikrát v slepé uličce</subfield>
</datafield>
<datafield tag="246" ind1="3" ind2="3">
  <subfield code="a">V slepé uličce</subfield>
</datafield>
<datafield tag="250" ind1=" " ind2=" ">
  <subfield code="a">Vyd. 2.</subfield>
</datafield>
<datafield tag="260" ind1=" " ind2=" ">
  <subfield code="a">Praha :</subfield>
  <subfield code="b">Odeon,</subfield>
  <subfield code="c">1981</subfield>
</datafield>
<datafield tag="300" ind1=" " ind2=" ">
  <subfield code="a">522 s. ;</subfield>
  <subfield code="c">21 cm</subfield>
</datafield>
<datafield tag="490" ind1="1" ind2=" ">
  <subfield code="a">3x</subfield>
</datafield>
<datafield tag="500" ind1=" " ind2=" ">
  <subfield code="a">Přeloženo z angličtiny</subfield>
</datafield>
<datafield tag="505" ind1="0" ind2="0">
  <subfield code="t">Tvrdá lekce --</subfield>
  <subfield code="t">Máš, co ti patří --</subfield>
  <subfield code="t">Zlaté rybičky</subfield>
</datafield>
<datafield tag="655" ind1=" " ind2="7">
  <subfield code="7">cbvk_us_auth*f0000045</subfield>
  <subfield code="a">anglické romány</subfield>
  <subfield code="2">czenas</subfield>
</datafield>
<datafield tag="655" ind1=" " ind2="7">
  <subfield code="7">cbvk_us_auth*f0000263</subfield>
  <subfield code="a">detektivní romány</subfield>
  <subfield code="2">czenas</subfield>
</datafield>
<datafield tag="740" ind1="0" ind2="2">
  <subfield code="a">Tvrdá lekce</subfield>
</datafield>
<datafield tag="740" ind1="0" ind2="2">
  <subfield code="a">Máš, co ti patří</subfield>
</datafield>
<datafield tag="740" ind1="0" ind2="2">
  <subfield code="a">Zlaté rybičky</subfield>
</datafield>
<datafield tag="765" ind1="0" ind2=" ">
  <subfield code="t">Just another sucker</subfield>
  <subfield code="9">Česky</subfield>
</datafield>
<datafield tag="765" ind1="0" ind2=" ">
  <subfield code="t">You&apos;ve got it coming</subfield>
  <subfield code="9">Česky</subfield>
</datafield>
<datafield tag="765" ind1="0" ind2=" ">
  <subfield code="t">Goldfish have no hiding place</subfield>
  <subfield code="9">Česky</subfield>
</datafield>
<datafield tag="830" ind1=" " ind2="0">
  <subfield code="7">cbvk_us_auth*0019883</subfield>
  <subfield code="a">3x (Odeon)</subfield>
</datafield>
<datafield tag="852" ind1=" " ind2=" ">
  <subfield code="b">B</subfield>
</datafield>
<datafield tag="856" ind1="4" ind2="1">
  <subfield code="u">https://ndk.cz/uuid/uuid:0af41880-ff4e-11e6-8830-005056827e51</subfield>
  <subfield code="y">Digitalizovaný dokument</subfield>
  <subfield code="3">DNNT</subfield>
</datafield>
<datafield tag="910" ind1=" " ind2=" ">
  <subfield code="a">CBA001</subfield>
</datafield>
<datafield tag="928" ind1="9" ind2=" ">
  <subfield code="7">cbvk_us_auth*p0014912</subfield>
  <subfield code="a">Odeon</subfield>
  <subfield code="4">pbl</subfield>
</datafield>
<datafield tag="969" ind1=" " ind2=" ">
  <subfield code="f">N</subfield>
  <subfield code="g">20141008</subfield>
</datafield>
<datafield tag="970" ind1=" " ind2=" ">
  <subfield code="b">AMG</subfield>
  <subfield code="k">stch</subfield>
  <subfield code="k">ben</subfield>
</datafield>
<datafield tag="999" ind1=" " ind2=" ">
  <subfield code="a">15</subfield>
  <subfield code="b">CBVK</subfield>
  <subfield code="c">CBVK</subfield>
  <subfield code="d">CBA 001/Brz-19990520#sys-20070906#sys-20070912#es-20080716-8519296#jb-20080723-8596563#sys-20090125-11474495#sys-20100126#mk-20110414-26323665#svejdova-20140910-50809147#es-20140915-50902892#jb-20141008-51335249#sys-20200818-110858094</subfield>
</datafield>
<datafield tag="C99" ind1=" " ind2=" ">
  <subfield code="d">DFLT_US_CAT_BK_A</subfield>
  <subfield code="a">016020003099277</subfield>
</datafield>
</record>