
<record>
<leader>01444cam-a2200397---4500</leader>
<controlfield tag="001">m0000592</controlfield>
<controlfield tag="003">CZ-CbJVK</controlfield>
<controlfield tag="005">20210208180729.1</controlfield>
<controlfield tag="007">ta</controlfield>
<controlfield tag="008">940120s1992----xr-----e------000-f-cze--</controlfield>
<datafield tag="015" ind1=" " ind2=" ">
  <subfield code="a">cnb000077305</subfield>
</datafield>
<datafield tag="020" ind1=" " ind2=" ">
  <subfield code="a">80-207-0409-4 (váz.)</subfield>
</datafield>
<datafield tag="035" ind1=" " ind2=" ">
  <subfield code="a">(OCoLC)39593969</subfield>
</datafield>
<datafield tag="040" ind1=" " ind2=" ">
  <subfield code="a">ABA001</subfield>
  <subfield code="b">cze</subfield>
  <subfield code="d">CBA001</subfield>
</datafield>
<datafield tag="041" ind1="1" ind2=" ">
  <subfield code="a">cze</subfield>
  <subfield code="h">eng</subfield>
</datafield>
<datafield tag="072" ind1=" " ind2="7">
  <subfield code="a">821.111-3</subfield>
  <subfield code="x">Anglická próza, anglicky psaná</subfield>
  <subfield code="9">25</subfield>
  <subfield code="2">Konspekt</subfield>
</datafield>
<datafield tag="080" ind1=" " ind2=" ">
  <subfield code="a">821.111-31</subfield>
  <subfield code="2">MRF</subfield>
</datafield>
<datafield tag="080" ind1=" " ind2=" ">
  <subfield code="a">(0:82-312.4)</subfield>
  <subfield code="2">MRF</subfield>
</datafield>
<datafield tag="100" ind1="1" ind2=" ">
  <subfield code="7">cbvk_us_auth*m0185648</subfield>
  <subfield code="a">Yorke, Margaret,</subfield>
  <subfield code="d">1924-</subfield>
  <subfield code="4">aut</subfield>
</datafield>
<datafield tag="245" ind1="1" ind2="0">
  <subfield code="a">3x ve vážném podezření /</subfield>
  <subfield code="c">Margaret Yorkeová ; [z anglických originálů ... přeložily Eva Kondrysová, Marie Brabencová-Válková, Zora Wolfová ; doslov Zora Wolfová]</subfield>
</datafield>
<datafield tag="246" ind1="1" ind2="4">
  <subfield code="a">Třikrát ve vážném podezření</subfield>
</datafield>
<datafield tag="250" ind1=" " ind2=" ">
  <subfield code="a">Vyd. 1.</subfield>
</datafield>
<datafield tag="260" ind1=" " ind2=" ">
  <subfield code="a">Praha :</subfield>
  <subfield code="b">Odeon,</subfield>
  <subfield code="c">1992</subfield>
</datafield>
<datafield tag="300" ind1=" " ind2=" ">
  <subfield code="a">549 s. ;</subfield>
  <subfield code="c">21 cm</subfield>
</datafield>
<datafield tag="490" ind1="1" ind2=" ">
  <subfield code="a">3x</subfield>
</datafield>
<datafield tag="505" ind1="0" ind2=" ">
  <subfield code="a">Major, který neměl medaile -- Ruka smrti -- Zcela soukromá vražda</subfield>
</datafield>
<datafield tag="520" ind1="3" ind2=" ">
  <subfield code="a">Hlavním motivem je ve všech podezření z vraždy, které ulpí na nevinných lidech. Poklidné kultivované vyprávění přibližuje velmi dobře atmosféru současného anglického maloměsta i charaktery obyvatel. Jde spíše o jakousi studii zločinců a podezřelých, protože pachatel je od samého začátku vždy znám.</subfield>
  <subfield code="c">okcz</subfield>
  <subfield code="u">https://www.obalkyknih.cz/view?isbn=9788020704092</subfield>
  <subfield code="2">Web obalkyknih.cz</subfield>
</datafield>
<datafield tag="655" ind1=" " ind2="7">
  <subfield code="7">cbvk_us_auth*f0000045</subfield>
  <subfield code="a">anglické romány</subfield>
  <subfield code="2">czenas</subfield>
</datafield>
<datafield tag="655" ind1=" " ind2="7">
  <subfield code="7">cbvk_us_auth*f0000263</subfield>
  <subfield code="a">detektivní romány</subfield>
  <subfield code="2">czenas</subfield>
</datafield>
<datafield tag="700" ind1="1" ind2=" ">
  <subfield code="7">cbvk_us_auth*m0184981</subfield>
  <subfield code="a">Wolfová, Zora,</subfield>
  <subfield code="d">1928-2012</subfield>
  <subfield code="4">trl</subfield>
  <subfield code="4">aft</subfield>
</datafield>
<datafield tag="700" ind1="1" ind2=" ">
  <subfield code="7">cbvk_us_auth*m0173667</subfield>
  <subfield code="a">Válková, Marie,</subfield>
  <subfield code="d">1949-</subfield>
  <subfield code="4">trl</subfield>
</datafield>
<datafield tag="700" ind1="1" ind2=" ">
  <subfield code="7">cbvk_us_auth*m0081057</subfield>
  <subfield code="a">Kondrysová, Eva,</subfield>
  <subfield code="d">1926-2017</subfield>
  <subfield code="4">trl</subfield>
</datafield>
<datafield tag="740" ind1="0" ind2="2">
  <subfield code="a">Zcela soukromá vražda</subfield>
</datafield>
<datafield tag="740" ind1="0" ind2="2">
  <subfield code="a">Major, který neměl medaile</subfield>
</datafield>
<datafield tag="740" ind1="0" ind2="2">
  <subfield code="a">Ruka smrti</subfield>
</datafield>
<datafield tag="765" ind1="0" ind2=" ">
  <subfield code="t">No Medals for the Major</subfield>
  <subfield code="9">Česky</subfield>
</datafield>
<datafield tag="765" ind1="0" ind2=" ">
  <subfield code="t">Hand of Death</subfield>
  <subfield code="9">Česky</subfield>
</datafield>
<datafield tag="765" ind1="0" ind2=" ">
  <subfield code="t">Intimate Kill</subfield>
  <subfield code="9">Česky</subfield>
</datafield>
<datafield tag="830" ind1=" " ind2="0">
  <subfield code="7">cbvk_us_auth*0019883</subfield>
  <subfield code="a">3x (Odeon)</subfield>
</datafield>
<datafield tag="852" ind1=" " ind2=" ">
  <subfield code="b">B</subfield>
</datafield>
<datafield tag="856" ind1="4" ind2="1">
  <subfield code="u">https://ndk.cz/uuid/uuid:74d6f3d0-2a07-11e5-8cc8-005056827e52</subfield>
  <subfield code="y">Digitalizovaný dokument</subfield>
  <subfield code="3">DNNT</subfield>
</datafield>
<datafield tag="910" ind1=" " ind2=" ">
  <subfield code="a">CBA001</subfield>
</datafield>
<datafield tag="928" ind1="9" ind2=" ">
  <subfield code="7">cbvk_us_auth*p0014912</subfield>
  <subfield code="a">Odeon</subfield>
  <subfield code="4">pbl</subfield>
</datafield>
<datafield tag="970" ind1=" " ind2=" ">
  <subfield code="b">AMG</subfield>
  <subfield code="k">stch</subfield>
  <subfield code="k">ben</subfield>
</datafield>
<datafield tag="999" ind1=" " ind2=" ">
  <subfield code="a">100</subfield>
  <subfield code="b">CBVK</subfield>
  <subfield code="c">CBVK</subfield>
  <subfield code="d">CBA 001/Brz-19990520#..#i2.okx.sync-20180404-82482439#i2.okx.sync-20180406-82614877#i2.okx.sync-20180408-82722997#i2.okx.sync-20180409-82764334#i2.okx.sync-20180410-82831595#i2.okx.sync-20200312-106315225#i2.okx.sync-20200325-106687456#sys-20210208-115701019</subfield>
</datafield>
<datafield tag="C99" ind1=" " ind2=" ">
  <subfield code="a">np9312963</subfield>
  <subfield code="d">DFLT_US_CAT_BK_A</subfield>
</datafield>
</record>