
<record>
<leader>03422nam-a2200769-i-4500</leader>
<controlfield tag="001">m0000599</controlfield>
<controlfield tag="003">CZ-CbJVK</controlfield>
<controlfield tag="005">20200818171035.2</controlfield>
<controlfield tag="007">ta</controlfield>
<controlfield tag="008">830519s1982----xr-ae--e------000-f-cze--</controlfield>
<datafield tag="015" ind1=" " ind2=" ">
  <subfield code="a">cnb000000870</subfield>
</datafield>
<datafield tag="020" ind1=" " ind2=" ">
  <subfield code="q">(Vázáno)</subfield>
</datafield>
<datafield tag="035" ind1=" " ind2=" ">
  <subfield code="a">(OCoLC)28463617</subfield>
</datafield>
<datafield tag="040" ind1=" " ind2=" ">
  <subfield code="a">ABA001</subfield>
  <subfield code="b">cze</subfield>
  <subfield code="d">ABA001</subfield>
  <subfield code="d">PAG001</subfield>
  <subfield code="e">rda</subfield>
</datafield>
<datafield tag="041" ind1="1" ind2=" ">
  <subfield code="a">cze</subfield>
  <subfield code="h">eng</subfield>
</datafield>
<datafield tag="072" ind1=" " ind2="7">
  <subfield code="a">821.111-3</subfield>
  <subfield code="x">Anglická próza, anglicky psaná</subfield>
  <subfield code="2">Konspekt</subfield>
  <subfield code="9">25</subfield>
</datafield>
<datafield tag="080" ind1=" " ind2=" ">
  <subfield code="a">821.112.5-31</subfield>
  <subfield code="2">MRF</subfield>
</datafield>
<datafield tag="080" ind1=" " ind2=" ">
  <subfield code="a">821.111-31</subfield>
  <subfield code="2">MRF</subfield>
</datafield>
<datafield tag="080" ind1=" " ind2=" ">
  <subfield code="a">(0:82-312.4)</subfield>
  <subfield code="2">MRF</subfield>
</datafield>
<datafield tag="100" ind1="1" ind2=" ">
  <subfield code="7">cbvk_us_auth*m0051516</subfield>
  <subfield code="a">Gulik, Robert van,</subfield>
  <subfield code="d">1910-1967</subfield>
  <subfield code="4">aut</subfield>
</datafield>
<datafield tag="245" ind1="1" ind2="0">
  <subfield code="a">3x život a skutky soudce Ti /</subfield>
  <subfield code="c">Robert van Gulik ; přeložily Libuše Boháčková (Záhada čínského zlata, Záhada čínského bludiště) a Zlata Černá (Záhada čínského hřebíku) ; doslov napsala Zlata Černá</subfield>
</datafield>
<datafield tag="246" ind1="1" ind2="4">
  <subfield code="a">Třikrát život a skutky soudce Ti</subfield>
</datafield>
<datafield tag="250" ind1=" " ind2=" ">
  <subfield code="a">Vydání první</subfield>
</datafield>
<datafield tag="264" ind1=" " ind2="1">
  <subfield code="a">Praha :</subfield>
  <subfield code="b">Odeon,</subfield>
  <subfield code="c">1982</subfield>
</datafield>
<datafield tag="300" ind1=" " ind2=" ">
  <subfield code="a">528 stran :</subfield>
  <subfield code="b">ilustrace, plány ;</subfield>
  <subfield code="c">21 cm</subfield>
</datafield>
<datafield tag="336" ind1=" " ind2=" ">
  <subfield code="a">text</subfield>
  <subfield code="b">txt</subfield>
  <subfield code="2">rdacontent</subfield>
</datafield>
<datafield tag="337" ind1=" " ind2=" ">
  <subfield code="a">bez média</subfield>
  <subfield code="b">n</subfield>
  <subfield code="2">rdamedia</subfield>
</datafield>
<datafield tag="338" ind1=" " ind2=" ">
  <subfield code="a">svazek</subfield>
  <subfield code="b">nc</subfield>
  <subfield code="2">rdacarrier</subfield>
</datafield>
<datafield tag="500" ind1=" " ind2=" ">
  <subfield code="a">100 000 výtisků</subfield>
</datafield>
<datafield tag="505" ind1="0" ind2="0">
  <subfield code="t">Záhada čínského zlata --</subfield>
  <subfield code="t">Záhada čínského bludiště --</subfield>
  <subfield code="t">Záhada čínského hřebíku</subfield>
</datafield>
<datafield tag="655" ind1=" " ind2="7">
  <subfield code="7">cbvk_us_auth*f0000823</subfield>
  <subfield code="a">nizozemské romány</subfield>
  <subfield code="2">czenas</subfield>
</datafield>
<datafield tag="655" ind1=" " ind2="7">
  <subfield code="7">cbvk_us_auth*f0000053</subfield>
  <subfield code="a">anglicky psané romány</subfield>
  <subfield code="2">czenas</subfield>
</datafield>
<datafield tag="655" ind1=" " ind2="7">
  <subfield code="7">cbvk_us_auth*f0000263</subfield>
  <subfield code="a">detektivní romány</subfield>
  <subfield code="2">czenas</subfield>
</datafield>
<datafield tag="700" ind1="1" ind2=" ">
  <subfield code="7">cbvk_us_auth*m0013699</subfield>
  <subfield code="a">Boháčková, Libuše,</subfield>
  <subfield code="d">1927-1994</subfield>
  <subfield code="4">trl</subfield>
</datafield>
<datafield tag="700" ind1="1" ind2=" ">
  <subfield code="7">cbvk_us_auth*m0027005</subfield>
  <subfield code="a">Černá, Zlata,</subfield>
  <subfield code="d">1932-</subfield>
  <subfield code="4">trl</subfield>
  <subfield code="4">aft</subfield>
</datafield>
<datafield tag="700" ind1="1" ind2=" ">
  <subfield code="7">cbvk_us_auth*0240924</subfield>
  <subfield code="a">Gulik, Robert van,</subfield>
  <subfield code="d">1910-1967.</subfield>
  <subfield code="t">Chinese lake murders.</subfield>
  <subfield code="l">Česky</subfield>
</datafield>
<datafield tag="700" ind1="1" ind2=" ">
  <subfield code="7">cbvk_us_auth*m0051516</subfield>
  <subfield code="a">Gulik, Robert van,</subfield>
  <subfield code="d">1910-1967.</subfield>
  <subfield code="t">Chinese maze murders.</subfield>
  <subfield code="l">Česky</subfield>
</datafield>
<datafield tag="700" ind1="1" ind2=" ">
  <subfield code="7">cbvk_us_auth*0232572</subfield>
  <subfield code="a">Gulik, Robert van,</subfield>
  <subfield code="d">1910-1967.</subfield>
  <subfield code="t">Chinese nail murders.</subfield>
  <subfield code="l">Česky</subfield>
</datafield>
<datafield tag="852" ind1=" " ind2=" ">
  <subfield code="b">B</subfield>
</datafield>
<datafield tag="856" ind1="4" ind2="1">
  <subfield code="u">https://ndk.cz/uuid/uuid:a9e023f0-dda4-11e2-9923-005056827e52</subfield>
  <subfield code="y">Digitalizovaný dokument</subfield>
  <subfield code="3">DNNT</subfield>
</datafield>
<datafield tag="910" ind1=" " ind2=" ">
  <subfield code="a">CBA001</subfield>
</datafield>
<datafield tag="928" ind1="9" ind2=" ">
  <subfield code="7">cbvk_us_auth*p0014912</subfield>
  <subfield code="a">Odeon</subfield>
  <subfield code="4">pbl</subfield>
</datafield>
<datafield tag="970" ind1=" " ind2=" ">
  <subfield code="b">AMG</subfield>
  <subfield code="k">stch</subfield>
  <subfield code="k">pavlas</subfield>
</datafield>
<datafield tag="999" ind1=" " ind2=" ">
  <subfield code="a">17</subfield>
  <subfield code="b">CBVK</subfield>
  <subfield code="c">CBVK</subfield>
  <subfield code="d">CBA 001/Riegr-19960826#..#vostracka-20090217-12466297#lm-20090220-12522722#js-20090225-12623042#pm-20090302-12701186#sys-20100126#mk-20110414-26323668#cerna-20140123-46505099#nt-20141030-51799854#es-20190311-93434271#pavlas-20190312-93486709#sys-20200818-110921812</subfield>
</datafield>
<datafield tag="C99" ind1=" " ind2=" ">
  <subfield code="a">000343975</subfield>
  <subfield code="d">DFLT_US_CAT_BK_A</subfield>
</datafield>
</record>
</collection>